=LDR  03371cam a22003975i 4500
=001  020002106
=003  Uk
=005  20220110112310.0
=006  m\\\\||\\d\|\\\\\\
=007  cr\|||||||||||
=008  201101s2020\\\\|||||||fo\\\\||||\||eng\\
=FMT  \\$a  BK
=020  \\$a9788131254264$qEPUB
=020  \\$a8131254267$qEPUB
=037  \\$a9788131254264$bIngram Content Group
=040  \\$aUk$beng$cUk
=245  00$aElsevier Clinical Skills Manual, First South Asia Edition, eBook :$bObstetrics and Gynecology Nursing /$cShobha Lt. Col. Naidu.
=264  \1$bElsevier India,$c2020.
=300  \\$a1 online resource (236 pages)
=336  \\$atext$2rdacontent
=337  \\$acomputer$2rdamedia
=338  \\$aonline resource$2rdacarrier
=505  0\$a<ol> <li>Admission Assessment: Obstetric patient</li> <li>Biophysical Profile</li> <li>Percutaneous Umbilical Blood Sampling</li> <li>Nonstress Test</li> <li>Contraction Stress Test</li> <li>Seizure Precautions for Hypertensive Disorders and Epilepsy</li> <li>Fetal Heart Rate: Assessment via Intermittent ausculation and elecronic monitor</li> <li>External Fetal Monitor Application</li> <li>Uterine Contractions: External monitoring</li> <li>Sterile Vaginal Examination</li> <li>Leopold's Maneuvers</li> <li>Delivery Room Preparation</li> <li>Forceps Delivery</li> <li>Vacuum Extraction Delivery</li> <li>Vaginal Delivery</li> <li>Cesarean Delivery: Circulating</li> <li>Perineal Preparation </li> <li>Birthing Bed</li> <li>Laboring Patients: Nursing care</li> <li>Cervical Ripening and Labor Induction: Mechanical Methods: Advanced Practice </li> <li>Magnesium Sulfate</li> <li>Rho(D) Immune Globulin</li> <li>Vitamin K</li> <li>Breastfeeding Education</li> <li>Initial Assessment: Newborn</li> <li>Cord Care</li> <li>Phototherapy</li> <li>Bilirubin Meter: Transcutaneous Monitoring</li> <li>Oxygen Hood</li> <li>Newborn Care Education</li> <li>Head Circumference Measurement</li> <li>Newborn Security</li> <li>Abnormal Presentation Delivery</li> <li>Assessment: Rupture of Amniotic Membranes</li> <li>Amnioinfusion</li> <li>Artificial Rupture of Membranes</li> <li>Cardiopulmonary Resuscitation (CPR): Obstetric patients</li> <li>Defibrillation of Obstetric Patients</li> <li>Dilation and Curettage</li> <li>External Cephalic Version</li> <li>Fetal Blood Transfusion</li> <li>Fetal Spiral Electrode </li> <li>Oxytocin</li> <li>Terbutaline</li> <li>Bereavement Support and Delivery of a Nonviable Fetus</li> <li>Delivery Preparation for Multiple Gestations</li> <li>Postpartum Hemorrhage</li> <li>Precipitous Delivery</li> <li>Prolapsed Cord</li> <li>Shoulder Dystocia</li> <li>Sterile Speculum Examination</li> <li>Vaginal Birth After Cesarean Delivery</li> <li>Cervical Ripening with Dinoprostone</li> <li>Breast Milk: Collection, Storage, and Administration</li></ol>
=700  1\$aNaidu, Shobha Lt. Col.$eeditor
=859  \\$aELD$bebook
=852  \\$aBritish Library$bHMNTS$cDRT$jELD.DS.567043
=CAT  \\$aBATCH-EBKN$b00$c20201104$lBLL01$h0209
=CAT  \\$aEBKS-FXD$c20201104$lBLL01$h0215
=CAT  \\$aBATCH$b00$c20201104$lBLL01$h0216
=CAT  \\$a7183$b40$c20220110$lBLL01$h1123
=DRT  \\$aLD-ebooks
=SRC  \\$aIngrams
=STA  \\$aSUPPRESSED$bE-content not eligible for Non-Print Legal Deposit
=ONX  \\$aIN
=ONS  \7$aMED$x033000$2bisacsh
=LAS  \\$a7183$b40$c20220110$lBLL01$h1123

