=LDR  01084 am a22003375i 4500
=001  020005244
=003  Uk
=005  20211029112744.0
=006  m\\\\||\\d\|\\\\\\
=007  cr\|||||||||||
=008  201109s2020\\\\xxk|||||o\\\\||||\||eng\\
=FMT  \\$a  BK
=040  \\$aUk$beng$cUk
=245  00$aPerformance Tracker 2020 :$bHow public services have coped with coronavirus.
=264  \1$aLondon :$bInstitute for Government,$c2020.
=300  \\$a1 online resource.
=336  \\$atext$2rdacontent
=337  \\$acomputer$2rdamedia
=338  \\$aonline resource$2rdacarrier
=500  \\$aOctober 2020
=720  0\$aDavies, Nick; Atkins, Graham; Guerin, Benoit
=859  \\$aELD$bebook
=852  \\$aBritish Library$bHMNTS$cDRT$jELD.DS.568752
=CAT  \\$aBATCH-EBKN$b00$c20201109$lBLL01$h0207
=CAT  \\$aEBKS-FXD$c20201109$lBLL01$h0212
=CAT  \\$aBATCH$b00$c20201109$lBLL01$h0213
=CAT  \\$a11450$b40$c20211029$lBLL01$h1127
=DRT  \\$aLD-ebooks
=SRC  \\$aSubmission Portal
=STA  \\$aSUPPRESSED$bRebatched as Serial
=LAS  \\$a11450$b40$c20211029$lBLL01$h1127

