=LDR  01014cam a22003255i 4500
=001  020010220
=003  Uk
=005  20220201095539.0
=006  m\\\\||\\d\|\\\\\\
=007  cr\|||||||||||
=008  201114s2020\\\\xxk|||||o\\\\||||\||eng\\
=FMT  \\$a  BK
=040  \\$aUk$beng$cUk
=245  00$aEnergy efficiency of housing in England and Wales.
=264  \1$aUK :$bOffice for National Statistics,$c2020.
=300  \\$a1 online resource.
=336  \\$atext$2rdacontent
=337  \\$acomputer$2rdamedia
=338  \\$aonline resource$2rdacarrier
=500  \\$aArticle | 23 September 2020
=859  \\$aELD$bebook
=852  \\$aBritish Library$bHMNTS$cDRT$jELD.DS.570912
=CAT  \\$aBATCH-EBKN$b00$c20201114$lBLL01$h0201
=CAT  \\$aEBKS-FXD$c20201114$lBLL01$h0206
=CAT  \\$aBATCH$b00$c20201114$lBLL01$h0207
=CAT  \\$a11450$b40$c20220201$lBLL01$h0955
=DRT  \\$aLD-ebooks
=SRC  \\$aSubmission Portal
=STA  \\$aSUPPRESSED$bRebatched as Serial
=LAS  \\$a11450$b40$c20220201$lBLL01$h0955

