=LDR  01676cam a22004575i 4500
=001  020015352
=003  Uk
=005  20220111135827.0
=006  m\\\\||\\d\|\\\\\\
=007  cr\|||||||||||
=008  201116s2020\\\\|||||||fo\\\\||||\||eng\\
=FMT  \\$a  BK
=020  \\$a9788131262160$qPDF
=020  \\$a8131262162$qPDF
=037  \\$a9788131262160$bIngram Content Group
=040  \\$aUk$beng$cUk
=100  1\$aMelmed, Shlomo,$eauthor$uProfessor of Medicine, Senior Vice President and Dean of the Medical Faculty, Cedars Sinai Health System, Los Angeles, CA, USA
=245  10$aWilliams Textbook of Endocrinology, 14 Edition: South Asia Edition, 2 Vol SET - E-Book /$cShlomo Melmed, Ronald Koenig, Clifford Rosen, Richard Auchus, Allison Goldfine.
=250  \\$a14th
=264  \1$bElsevier India,$c2020.
=300  \\$a1 online resource (1792 pages)
=336  \\$atext$2rdacontent
=337  \\$acomputer$2rdamedia
=338  \\$aonline resource$2rdacarrier
=700  1\$aKoenig, Ronald$eauthor
=700  1\$aRosen, Clifford$eauthor
=700  1\$aAuchus, Richard$eauthor
=700  1\$aGoldfine, Allison$eauthor
=859  \\$aELD$bebook
=852  \\$aBritish Library$bHMNTS$cDRT$jELD.DS.571451
=CAT  \\$aBATCH-EBKN$b00$c20201119$lBLL01$h0201
=CAT  \\$aBATCH-UPD$b00$c20201119$lBLL01$h0201
=CAT  \\$aEBKS-FXD$c20201119$lBLL01$h0210
=CAT  \\$aBATCH$b00$c20201119$lBLL01$h0211
=CAT  \\$a7183$b40$c20220111$lBLL01$h1358
=DRT  \\$aLD-ebooks
=SRC  \\$aIngrams
=STA  \\$aSUPPRESSED$bE-content not eligible for Non-Print Legal Deposit
=ONX  \\$aIN
=ONS  \7$aMED$x027000$2bisacsh
=LAS  \\$a7183$b40$c20220111$lBLL01$h1358

