=LDR  01013 am a22003255i 4500
=001  020016050
=003  Uk
=005  20211006140538.0
=006  m\\\\||\\d\|\\\\\\
=007  cr\|||||||||||
=008  201120s2020\\\\xxk|||||o\\\\||||\||eng\\
=FMT  \\$a  BK
=040  \\$aUk$beng$cUk
=245  00$aGuide to offender management statistics :$bEngland and Wales.
=264  \1$aLondon :$bMinistry of Justice,$c2020.
=300  \\$a1 online resource.
=336  \\$atext$2rdacontent
=337  \\$acomputer$2rdamedia
=338  \\$aonline resource$2rdacarrier
=500  \\$aGuidance Documentation
=859  \\$aELD$bebook
=852  \\$aBritish Library$bHMNTS$cDRT$jELD.DS.571823
=CAT  \\$aBATCH-EBKN$b00$c20201120$lBLL01$h0202
=CAT  \\$aEBKS-FXD$c20201120$lBLL01$h0212
=CAT  \\$aBATCH$b00$c20201120$lBLL01$h0213
=CAT  \\$a14412$b40$c20211006$lBLL01$h1405
=DRT  \\$aLD-ebooks
=SRC  \\$aSubmission Portal
=STA  \\$aSUPPRESSED$bRebatched as Serial
=LAS  \\$a14412$b40$c20211006$lBLL01$h1405

