=LDR  02201cam a22004215i 4500
=001  020017210
=003  Uk
=005  20220110111302.0
=006  m\\\\||\\d\|\\\\\\
=007  cr\|||||||||||
=008  201120s2020\\\\|||||||fo\\\\||||\||eng\\
=FMT  \\$a  BK
=020  \\$a9788131262207$qEPUB
=020  \\$a8131262200$qEPUB
=037  \\$a9788131262207$bIngram Content Group
=040  \\$aUk$beng$cUk
=245  00$aMosby's Dental Dictionary,4e- South Asia Edition- E Book /$cOm Prakash Kharbanda.
=250  \\$a4th
=264  \1$bElsevier India,$c2020.
=300  \\$a1 online resource (934 pages)
=336  \\$atext$2rdacontent
=337  \\$acomputer$2rdamedia
=338  \\$aonline resource$2rdacarrier
=505  0\$a<b> <p>Pronunciation Guide, xi </p> <p>Alphabetic Listing of Terms, 1 </p> <p>Appendix A: </b>Patient Physical Status Classification, 882 </p><b> <p>Appendix B: </b>High Blood Pressure Categories, 883 </p><b> <p>Appendix C: </b>Prevention of Infective Endocarditis, 884 </p><b> <p>Appendix D: </b>Evaluation of Potentially Malignant Disorders in the Oral Cavity, 886 </p><b> <p>Appendix E: </b>Dental Radiographic Examinations: Recommendations for Patient Selection and Limiting Radiation Exposure, 887 </p><b> <p>Appendix F: </b>Infection Prevention Practices in Dental Settings: Basic Expectations for Safe Care, 891 </p><b> <p>Appendix G: </b>Classification of Periodontal and Peri-implant Diseases and Conditions, 895 </p><b> <p>Appendix H: </b>Color Coding of Local Anesthetic Cartridges, 897 </p><b> <p>Appendix I: </b>Color Atlas*, 898 </p><b> <p>Illustration Credits, 9 </p></b>
=700  1\$aKharbanda, Om Prakash,$eeditor.
=859  \\$aELD$bebook
=852  \\$aBritish Library$bHMNTS$cDRT$jELD.DS.573065
=CAT  \\$aBATCH-EBKN$b00$c20201123$lBLL01$h0201
=CAT  \\$aBATCH-UPD$b00$c20201123$lBLL01$h0202
=CAT  \\$aEBKS-FXD$c20201123$lBLL01$h0211
=CAT  \\$aBATCH$b00$c20201123$lBLL01$h0213
=CAT  \\$a7183$b40$c20220110$lBLL01$h1113
=DRT  \\$aLD-ebooks
=SRC  \\$aIngrams
=STA  \\$aSUPPRESSED$bE-content not eligible for Non-Print Legal Deposit
=ONX  \\$aIN
=ONS  \7$aMMD$2bicssc
=LAS  \\$a7183$b40$c20220110$lBLL01$h1113

