=LDR  02199 am a22005535i 4500
=001  020017977
=003  Uk
=005  20210104160324.0
=006  m\\\\||\\d\|\\\\\\
=007  cr\|||||||||||
=008  201121s2020\\\\xxk||||jo\\\\||||\||eng\\
=FMT  \\$a  BK
=037  \\$auk.co.harpercollins.207847$bIngram Content Group
=040  \\$aUk$beng$cUk
=072  \7$aMAT$x030000$2bisacsh
=072  \7$aEDU$x029030$2bisacsh
=072  \7$aYAN$x050030$2bisacsh
=072  \7$aJNF$x055030$2bisacsh
=072  \7$aYQZ$2bicssc
=100  1\$aDickson, Billy,$eauthor.
=245  10$aS1 to National 4 Biology ebook :$b1 year licence /$cBilly Dickson, Graham Moffat.
=250  \\$aCollins ebook edition
=264  \1$aLondon :$bLeckie,$c2020.
=300  \\$a1 online resource (96 pages)
=336  \\$atext$2rdacontent
=337  \\$acomputer$2rdamedia
=338  \\$aonline resource$2rdacarrier
=490  1\$aLeckie Practice Question Book
=650  \7$aMATHEMATICS / Study & Teaching$2bisacsh
=650  \7$aEDUCATION / Teaching Methods & Materials / Science & Technology$2bisacsh
=650  \7$aYOUNG ADULT NONFICTION / Science & Nature / Biology$2bisacsh
=650  \7$aJUVENILE NONFICTION / Study Aids / Test Preparation$2bisacsh
=650  \7$aChildren's, young adult and educational / Educational material / Educational: study and revision guides$2bicssc
=700  1\$aMoffat, Graham,$eauthor.
=700  1\$eauthor
=710  2\$aLeckie$eauthor
=859  \\$aELD$bebook
=852  \\$aBritish Library$bHMNTS$cDRT$jELD.DS.573992$qImperfect: ebook display problem.
=CAT  \\$aBATCH-EBKN$b00$c20201124$lBLL01$h0201
=CAT  \\$aBATCH-UPD$b00$c20201124$lBLL01$h0201
=CAT  \\$aEBKS-FXD$c20201124$lBLL01$h0209
=CAT  \\$aBATCH$b00$c20201124$lBLL01$h0209
=CAT  \\$a11279$b40$c20210104$lBLL01$h1603
=DRT  \\$aLD-ebooks
=SRC  \\$aIngrams
=STA  \\$aSUPPRESSED$bE-content not adequate for display
=ONS  \7$aEDU$x025000$2bisacsh
=ONS  \\$tBiology; National 3; National 4; SQA; Curriculum for Excellence; Scottish curriculum; Biology homework; homework skills; biology skills; biology practice$2Subject Keywords
=LAS  \\$a11279$b40$c20210104$lBLL01$h1603

