=LDR  02803cam a22004575i 4500
=001  020059676
=003  Uk
=005  20220110110959.0
=006  m\\\\||\\d\|\\\\\\
=007  cr\|||||||||||
=008  210107s2020\\\\|||||||fo\\\\||||\||eng\\
=FMT  \\$a  BK
=020  \\$a9788131262146$qEPUB
=020  \\$a8131262146$qEPUB
=037  \\$a9788131262146$bIngram Content Group
=040  \\$aUk$beng$cUk
=110  2\$aJohns Hopkins Hospital,$eauthor.
=245  14$aThe Harriet Lane Handbook, 22 Edition: South Asia Edition - E-Book /$cKeith Kleinman, Lauren McDaniel, Matthew Molloy.
=250  \\$a22nd
=264  \1$bElsevier India,$c2020.
=300  \\$a1 online resource (1280 pages)
=336  \\$atext$2rdacontent
=337  \\$acomputer$2rdamedia
=338  \\$aonline resource$2rdacarrier
=505  0\$a<p>PART I Pediatric Acute Care</p> <p>1 Emergency and Critical Care Management</p><b> <p>2 </b>Traumatic Injuries</p><b> <p>3 </b>Toxicology</p><b> <p>4 </b>Procedures</p><i> </i><b> <p>PART II Diagnostic and Therapeutic Information</p> <p>5 </b>Adolescent Medicine</p><b> <p>6 </b>Analgesia and Procedural Sedation</p><b> <p>7 </b>Cardiology</p><b> <p>8 </b>Dermatology</p><b> <p>9 </b>Development, Behavior, and Developmental Disability</p><b> <p>10 </b>Endocrinology</p><b> <p>11 </b>Fluids and Electrolytes</p><b> <p>12 </b>Gastroenterology</p><b> <p>13 </b>Genetics: Metabolism and Dysmorphology</p><b> <p>14 </b>Hematology</p><b> <p>15 </b>Immunology and Allergy</p><b> <p>16 </b>Immunoprophylaxis</p><b> <p>17 </b>Microbiology and Infectious Disease</p><b> <p>18 </b>Neonatology</p><b> <p>19 </b>Nephrology</p><b> <p>20 </b>Neurology</p><b> <p>21 </b>Nutrition and Growth</p><b> <p>22 </b>Oncology</p><b> <p>23 </b>Palliative Care</p><b> <p>24 </b>Psychiatry</p><b> <p>25 </b>Pulmonology and Sleep Medicine</p><b> <p>26 </b>Radiology</p><b> <p>27 </b>Rheumatology</p> <b> <p>PART III Reference</p> <p>28 </b>Blood Chemistry and Body Fluids</p><b> <p>29 </b>Biostatistics and Evidence-Based</p> <p>Medicine</p> <b> <p>PART IV Formulary</p> <p>30 </b>Drug Dosages</p><b> <p>31 </b>Drugs in Renal Failure</p>
=700  1\$aKleinman, Keith,$eauthor.
=700  1\$aMcDaniel, Lauren,$eauthor.
=700  1\$aMolloy, Matthew,$eauthor.
=859  \\$aELD$bebook
=852  \\$aBritish Library$bHMNTS$cDRT$jELD.DS.583155
=CAT  \\$aBATCH-EBKN$b00$c20210110$lBLL01$h0212
=CAT  \\$aBATCH-UPD$b00$c20210110$lBLL01$h0212
=CAT  \\$aEBKS-FXD$c20210110$lBLL01$h0223
=CAT  \\$aBATCH$b00$c20210110$lBLL01$h0223
=CAT  \\$a7183$b40$c20220110$lBLL01$h1109
=DRT  \\$aLD-ebooks
=SRC  \\$aIngrams
=STA  \\$aSUPPRESSED$bE-content not eligible for Non-Print Legal Deposit
=ONX  \\$aIN
=ONS  \7$aMED$x069000$2bisacsh
=LAS  \\$a7183$b40$c20220110$lBLL01$h1109

