=LDR  01041 am a22003135i 4500
=001  020076742
=003  Uk
=005  20210730110652.0
=006  m\\\\||\\d\|\\\\\\
=007  cr\|||||||||||
=008  210123s2020\\\\xxk|||||o\\\\||||\||eng\\
=FMT  \\$a  BK
=040  \\$aUk$beng$cUk
=245  00$aQuality statement - Final proven reoffending statistics for Community Rehabilitation Companies and the National Probation Service.
=264  \1$aUK :$bMinistry of Justice,$c2020.
=300  \\$a1 online resource.
=336  \\$atext$2rdacontent
=337  \\$acomputer$2rdamedia
=338  \\$aonline resource$2rdacarrier
=859  \\$aELD$bebook
=852  \\$aBritish Library$bHMNTS$cDRT$jELD.DS.590537
=CAT  \\$aBATCH-EBKN$b00$c20210123$lBLL01$h0201
=CAT  \\$aEBKS-FXD$c20210123$lBLL01$h0209
=CAT  \\$aBATCH$b00$c20210123$lBLL01$h0209
=CAT  \\$a15190$b40$c20210730$lBLL01$h1106
=DRT  \\$aLD-ebooks
=SRC  \\$aSubmission Portal
=STA  \\$aSUPPRESSED$bRebatched as Serial
=LAS  \\$a15190$b40$c20210730$lBLL01$h1106

