=LDR  01590cam a22004215i 4500
=001  020078707
=003  Uk
=005  20220823112230.0
=006  m\\\\||\\d\|\\\\\\
=007  cr\|||||||||||
=008  210121s2019\\\\xxk|||||o\\\\||||\||eng\\
=FMT  \\$a  BK
=020  \\$a9781474473545$qElectronic book (PDF format)
=037  \\$a9781474473545$bEdinburgh University Press
=040  \\$aUk$beng$cUk
=245  00$aVictorian Dundee :$bImage and Realities /$cChristopher A Whatley, Bob Harris, Louise Miskell.
=264  \1$a[United Kingdom] :$bEdinburgh University Press,$c2019.
=300  \\$a1 online resource (312 pages)
=336  \\$atext$2rdacontent
=337  \\$acomputer$2rdamedia
=338  \\$aonline resource$2rdacarrier
=700  1\$aWhatley, Christopher A.,$eadaptor.
=700  1\$aHarris, Bob,$eadaptor.
=700  1\$aMiskell, Louise,$eadaptor.
=884  \\$aLDL ebooks ONIX to marcxml transformation using Record_Load-eBooks_Legal_Deposit_onix2marc_v2-1.xsl$g20210121$k14392$qUk
=859  \\$aELD$bebook
=852  \\$aBritish Library$bHMNTS$cDRT$jELD.DS.591851$qImperfect: incorrect title sent.
=CAT  \\$aBATCH-EBKN$b00$c20210124$lBLL01$h0203
=CAT  \\$aEBKS-FXD$c20210124$lBLL01$h0212
=CAT  \\$aBATCH$b00$c20210124$lBLL01$h0214
=CAT  \\$a7164$b40$c20220823$lBLL01$h1122
=DRT  \\$aLD-ebooks
=SRC  \\$aCollection Metadata
=STA  \\$aSUPPRESSED$bE-content not adequate for display
=ONS  \7$aRegional & national history$2bicssc
=ONS  \7$aHistory$2bicssc
=ONS  \7$aHumanities$2bicssc
=LAS  \\$a7164$b40$c20220823$lBLL01$h1122

