=LDR  01049 am a22003255i 4500
=001  020105688
=003  Uk
=005  20210804161616.0
=006  m\\\\||\\d\|\\\\\\
=007  cr\|||||||||||
=008  210213s2020\\\\xxk|||||o\\\\||||\||eng\\
=FMT  \\$a  BK
=040  \\$aUk$beng$cUk
=245  00$aProvisional births in England and Wales :$b2020.
=264  \1$aUK :$bOffice for National Statistics,$c2020.
=300  \\$a1 online resource.
=336  \\$atext$2rdacontent
=337  \\$acomputer$2rdamedia
=338  \\$aonline resource$2rdacarrier
=500  \\$aArticle | 7 December 2020 | On advice of ELD Cat - Treat as Mono
=859  \\$aELD$bebook
=852  \\$aBritish Library$bHMNTS$cDRT$jELD.DS.595123
=CAT  \\$aBATCH-EBKN$b00$c20210213$lBLL01$h0212
=CAT  \\$aEBKS-FXD$c20210213$lBLL01$h0220
=CAT  \\$aBATCH$b00$c20210213$lBLL01$h0220
=CAT  \\$a15190$b40$c20210804$lBLL01$h1616
=DRT  \\$aLD-ebooks
=SRC  \\$aSubmission Portal
=STA  \\$aSUPPRESSED$bRebatched as Serial
=LAS  \\$a15190$b40$c20210804$lBLL01$h1616

