=LDR  00981 am a22003255i 4500
=001  020106215
=003  Uk
=005  20210914090141.0
=006  m\\\\||\\d\|\\\\\\
=007  cr\|||||||||||
=008  210215s2020\\\\xxk|||||o\\\\||||\||eng\\
=FMT  \\$a  BK
=040  \\$aUk$beng$cUk
=245  00$aMonitoring financial resilience report.
=264  \1$aBirmingham :$bOfwat,$c2020.
=300  \\$a1 online resource.
=336  \\$atext$2rdacontent
=337  \\$acomputer$2rdamedia
=338  \\$aonline resource$2rdacarrier
=500  \\$aDated: Ddecember 2020.
=859  \\$aELD$bebook
=852  \\$aBritish Library$bHMNTS$cDRT$jELD.DS.595353
=CAT  \\$aBATCH-EBKN$b00$c20210215$lBLL01$h0200
=CAT  \\$aEBKS-FXD$c20210215$lBLL01$h0206
=CAT  \\$aBATCH$b00$c20210215$lBLL01$h0207
=CAT  \\$a11450$b40$c20210914$lBLL01$h0901
=DRT  \\$aLD-ebooks
=SRC  \\$aSubmission Portal
=STA  \\$aSUPPRESSED$bRebatched as Serial
=LAS  \\$a11450$b40$c20210914$lBLL01$h0901

