=LDR  01851cam a2200469 i 4500
=001  020126998
=003  Uk
=005  20220523163644.0
=006  m\\\\||\\d\|\\\\\\
=007  cr\|||||||||||
=008  200716s2020\\\\stkad\\\ob\\\\000\0\eng\d
=FMT  \\$a  BK
=020  \\$z978113287283$qPDF
=037  \\$a216594440$bNational Library of Scotland
=040  \\$aStEdNL$beng$cStEdNL$dUk$erda
=043  \\$ae-uk-st
=110  2\$aAudit Scotland,$eauthor.
=245  10$aLocal government in Scotland overview 2020 /$cprepared by Audit Scotland.
=264  \1$aEdinburgh :$bAudit Scotland,$c[2020]
=300  \\$a1 online resource (52 pages :$billustrations (colour), charts (colour))
=336  \\$atext$2rdacontent
=337  \\$acomputer$2rdamedia
=338  \\$aonline resource$2rdacarrier
=504  \\$aIncludes bibliographical references (pages 51-52).
=538  \\$aSystem requirements: Adobe Reader required to view PDF document.
=588  \\$aDescription from online resource; title from PDF cover (Audit Scotland, viewed 16 July 2020)
=500  \\$a"Accounts Commission. Prepared by Audit Scotland June 2020."
=650  \0$aLocal government$zScotland$xFinance.
=710  2\$aAccounts Commission for Scotland.
=884  \\$aLDL ebooks transformation to marcxml using nls_eb2marc.xsl$g20210305$k216594440$qUk
=859  \\$aELD$bebook
=852  \\$aBritish Library$bHMNTS$cDRT$jELD.DS.598103
=CAT  \\$aBATCH-EBKN$b00$c20210308$lBLL01$h1401
=CAT  \\$aBATCH-UPD$b00$c20210308$lBLL01$h1402
=CAT  \\$aEBKS-FXD$c20210308$lBLL01$h1412
=CAT  \\$aBATCH$b00$c20210308$lBLL01$h1413
=CAT  \\$a14412$b40$c20210602$lBLL01$h1422
=CAT  \\$a11279$b40$c20220523$lBLL01$h1636
=DRT  \\$aLD-ebooks
=SRC  \\$aCollection Metadata
=STA  \\$aSUPPRESSED$bRebatched as Serial
=LAS  \\$a11279$b40$c20220523$lBLL01$h1636

