=LDR  00993cam a22003255i 4500
=001  020160506
=003  Uk
=005  20230217120012.0
=006  m\\\\||\\d\|\\\\\\
=007  cr\|||||||||||
=008  210416s2021\\\\xxk|||||o\\\\||||\||eng\\
=FMT  \\$a  BK
=020  \\$a9781800047495
=040  \\$aUk$beng$cUk
=245  00$aHousing to 2040 Vision And Principles.
=264  \1$aEdinburgh :$bScottish Government,$c2021.
=300  \\$a1 online resource.
=336  \\$atext$2rdacontent
=337  \\$acomputer$2rdamedia
=338  \\$aonline resource$2rdacarrier
=859  \\$aELD$bebook
=852  \\$aBritish Library$bHMNTS$cDRT$jELD.DS.604710
=CAT  \\$aBATCH-EBKN$b00$c20210416$lBLL01$h0201
=CAT  \\$aEBKS-FXD$c20210416$lBLL01$h0210
=CAT  \\$aBATCH$b00$c20210416$lBLL01$h0211
=CAT  \\$a8250$b40$c20230217$lBLL01$h1200
=DRT  \\$aLD-ebooks
=SRC  \\$aSubmission Portal
=STA  \\$aSUPPRESSED$bDuplicate of Aleph # 020864153
=LAS  \\$a8250$b40$c20230217$lBLL01$h1200

