=LDR  01049cam a22003255i 4500
=001  020160808
=003  Uk
=005  20220414111053.0
=006  m\\\\||\\d\|\\\\\\
=007  cr\|||||||||||
=008  210417s2021\\\\xxk|||||o\\\\||||\||eng\\
=FMT  \\$a  BK
=040  \\$aUk$beng$cUk
=245  00$aOutcomes for disabled people in the UK :$b2020.
=264  \1$aUK :$bOffice for National Statistics,$c2021.
=300  \\$a1 online resource.
=336  \\$atext$2rdacontent
=337  \\$acomputer$2rdamedia
=338  \\$aonline resource$2rdacarrier
=500  \\$aArticle | 18 February 2021 | On advice of ELD Cat - Treat as Mono
=859  \\$aELD$bebook
=852  \\$aBritish Library$bHMNTS$cDRT$jELD.DS.604798
=CAT  \\$aBATCH-EBKN$b00$c20210417$lBLL01$h0202
=CAT  \\$aEBKS-FXD$c20210417$lBLL01$h0216
=CAT  \\$aBATCH$b00$c20210417$lBLL01$h0217
=CAT  \\$a11450$b40$c20220414$lBLL01$h1110
=DRT  \\$aLD-ebooks
=SRC  \\$aSubmission Portal
=STA  \\$aSUPPRESSED$bRebatched as Serial
=LAS  \\$a11450$b40$c20220414$lBLL01$h1110

