=LDR  01011 am a22003135i 4500
=001  020168827
=003  Uk
=005  20210423131432.0
=006  m\\\\||\\d\|\\\\\\
=007  cr\|||||||||||
=008  210423s2018\\\\xxk|||||o\\\\||||\||eng\\
=FMT  \\$a  BK
=040  \\$aUk$beng$cUk
=245  00$aNHS financial temperature check :$bFinance directors' views on financial challenges facing the NHS in England.
=264  \1$aBristol :$bHFMA,$c2018.
=300  \\$a1 online resource.
=336  \\$atext$2rdacontent
=337  \\$acomputer$2rdamedia
=338  \\$aonline resource$2rdacarrier
=859  \\$aELD$bebook
=852  \\$aBritish Library$bHMNTS$cDRT$jELD.DS.606629
=CAT  \\$aBATCH-EBKN$b00$c20210423$lBLL01$h0202
=CAT  \\$aEBKS-FXD$c20210423$lBLL01$h0211
=CAT  \\$aBATCH$b00$c20210423$lBLL01$h0211
=CAT  \\$a11450$b40$c20210423$lBLL01$h1314
=DRT  \\$aLD-ebooks
=SRC  \\$aSubmission Portal
=STA  \\$aSUPPRESSED$bRebatched as Serial
=LAS  \\$a11450$b40$c20210423$lBLL01$h1314

