=LDR  01132 am a22003375i 4500
=001  020169325
=003  Uk
=005  20210426081159.0
=006  m\\\\||\\d\|\\\\\\
=007  cr\|||||||||||
=008  210424s2015\\\\xxk|||||o\\\\||||\||eng\\
=FMT  \\$a  BK
=040  \\$aUk$beng$cUk
=245  00$aNHS financial temperature check :$bFinance directors' views on financial challenges facing the NHS.
=264  \1$aBristol :$bHealthcare Financial Management Association (HFMA),$c2015.
=300  \\$a1 online resource.
=336  \\$atext$2rdacontent
=337  \\$acomputer$2rdamedia
=338  \\$aonline resource$2rdacarrier
=500  \\$aBriefing | July 2015
=720  0\$aEdwards, Richard; Williams, Paul
=859  \\$aELD$bebook
=852  \\$aBritish Library$bHMNTS$cDRT$jELD.DS.607157
=CAT  \\$aBATCH-EBKN$b00$c20210424$lBLL01$h0213
=CAT  \\$aEBKS-FXD$c20210424$lBLL01$h0225
=CAT  \\$aBATCH$b00$c20210424$lBLL01$h0226
=CAT  \\$a11450$b40$c20210426$lBLL01$h0811
=DRT  \\$aLD-ebooks
=SRC  \\$aSubmission Portal
=STA  \\$aSUPPRESSED$bRebatched as Serial
=LAS  \\$a11450$b40$c20210426$lBLL01$h0811

