=LDR  01021cam a22003255i 4500
=001  020170395
=003  Uk
=005  20220721121103.0
=006  m\\\\||\\d\|\\\\\\
=007  cr\|||||||||||
=008  210425s2016\\\\xxk|||||o\\\\||||\||eng\\
=FMT  \\$a  BK
=040  \\$aUk$beng$cUk
=245  00$aAcute health clinical costing standards.
=264  \1$aUK :$bHealthcare Financial Management Association,$c2016.
=300  \\$a1 online resource.
=336  \\$atext$2rdacontent
=337  \\$acomputer$2rdamedia
=338  \\$aonline resource$2rdacarrier
=859  \\$aELD$bebook
=852  \\$aBritish Library$bHMNTS$cDRT$jELD.DS.608154
=CAT  \\$aBATCH-EBKN$b00$c20210425$lBLL01$h0703
=CAT  \\$aEBKS-FXD$c20210425$lBLL01$h0711
=CAT  \\$aBATCH$b00$c20210425$lBLL01$h0712
=CAT  \\$a8311$b40$c20210507$lBLL01$h1208
=CAT  \\$a11279$b40$c20220721$lBLL01$h1211
=DRT  \\$aLD-ebooks
=SRC  \\$aSubmission Portal
=STA  \\$aSUPPRESSED$bRebatched as Serial
=LAS  \\$a11279$b40$c20220721$lBLL01$h1211

