=LDR  01080 am a22003255i 4500
=001  020170658
=003  Uk
=005  20210426081419.0
=006  m\\\\||\\d\|\\\\\\
=007  cr\|||||||||||
=008  210426s2014\\\\xxk|||||o\\\\||||\||eng\\
=FMT  \\$a  BK
=040  \\$aUk$beng$cUk
=245  00$aNHS financial temperature check :$bFinance directors' views on financial challenges facing the NHS: June 2014.
=264  \1$aBristol :$bHealthcare Financial Management Association,$c2014.
=300  \\$a1 online resource.
=336  \\$atext$2rdacontent
=337  \\$acomputer$2rdamedia
=338  \\$aonline resource$2rdacarrier
=500  \\$ahfma briefing
=859  \\$aELD$bebook
=852  \\$aBritish Library$bHMNTS$cDRT$jELD.DS.608647
=CAT  \\$aBATCH-EBKN$b00$c20210426$lBLL01$h0202
=CAT  \\$aEBKS-FXD$c20210426$lBLL01$h0217
=CAT  \\$aBATCH$b00$c20210426$lBLL01$h0219
=CAT  \\$a11450$b40$c20210426$lBLL01$h0814
=DRT  \\$aLD-ebooks
=SRC  \\$aSubmission Portal
=STA  \\$aSUPPRESSED$bRebatched as Serial
=LAS  \\$a11450$b40$c20210426$lBLL01$h0814

