=LDR  01507cam a22004095i 4500
=001  020174708
=003  Uk
=005  20220106163603.0
=006  m\\\\||\\d\|\\\\\\
=007  cr\|||||||||||
=008  210426s2021\\\\|||||||fo\\\\||||\||eng\\
=FMT  \\$a  BK
=020  \\$a9788131258095$qPDF
=020  \\$a8131258092$qPDF
=037  \\$a9788131258095$bIngram Content Group
=040  \\$aUk$beng$cUk
=100  1\$aHargreaves, Kenneth M.,$eauthor$uProfessor and Chair, Department of Endodontics; Professor, Departments of Pharmacology, Physiology (Graduate School) and Surgery (Medical School); President's Council Endowed Chair in Research, Univer
=245  10$aCohen's Pathways of the Pulp:South Asia Edition E-book /$cKenneth M. Hargreaves.
=250  \\$a12th
=264  \1$bElsevier India,$c2021.
=300  \\$a1 online resource (992 pages)
=336  \\$atext$2rdacontent
=337  \\$acomputer$2rdamedia
=338  \\$aonline resource$2rdacarrier
=859  \\$aELD$bebook
=852  \\$aBritish Library$bHMNTS$cDRT$jELD.DS.608807
=CAT  \\$aBATCH-EBKN$b00$c20210429$lBLL01$h0201
=CAT  \\$aBATCH-UPD$b00$c20210429$lBLL01$h0202
=CAT  \\$aEBKS-FXD$c20210429$lBLL01$h0210
=CAT  \\$aBATCH$b00$c20210429$lBLL01$h0211
=CAT  \\$a7183$b40$c20220106$lBLL01$h1636
=DRT  \\$aLD-ebooks
=SRC  \\$aIngrams
=STA  \\$aSUPPRESSED$bE-content not eligible for Non-Print Legal Deposit
=ONX  \\$aIN
=ONS  \7$aMED$x016000$2bisacsh
=LAS  \\$a7183$b40$c20220106$lBLL01$h1636

