=LDR  00999cam a22003135i 4500
=001  020186343
=003  Uk
=005  20220607082747.0
=006  m\\\\||\\d\|\\\\\\
=007  cr\|||||||||||
=008  210510s2021\\\\xxk|||||o\\\\||||\||eng\\
=FMT  \\$a  BK
=040  \\$aUk$beng$cUk
=245  00$aAgriculture in the UK Evidence Pack :$bAugust 2020 update.
=264  \1$a[UK] :$bDepartment for Environment, Food & Rural Affairs,$c2021.
=300  \\$a1 online resource.
=336  \\$atext$2rdacontent
=337  \\$acomputer$2rdamedia
=338  \\$aonline resource$2rdacarrier
=859  \\$aELD$bebook
=852  \\$aBritish Library$bHMNTS$cDRT$jELD.DS.610697
=CAT  \\$aBATCH-EBKN$b00$c20210510$lBLL01$h0201
=CAT  \\$aEBKS-FXD$c20210510$lBLL01$h0209
=CAT  \\$aBATCH$b00$c20210510$lBLL01$h0211
=CAT  \\$a15020$b40$c20220607$lBLL01$h0827
=DRT  \\$aLD-ebooks
=SRC  \\$aSubmission Portal
=STA  \\$aSUPPRESSED$bRe-batched as Serial
=LAS  \\$a15020$b40$c20220607$lBLL01$h0827

