=LDR  03816cam a22004215i 4500
=001  020190130
=003  Uk
=005  20220110152706.0
=006  m\\\\||\\d\|\\\\\\
=007  cr\|||||||||||
=008  210510s2019\\\\|||||||fo\\\\||||\||eng\\
=FMT  \\$a  BK
=020  \\$a9788131258248$qPDF
=020  \\$a8131258246$qPDF
=037  \\$a9788131258248$bIngram Content Group
=040  \\$aUk$beng$cUk
=100  1\$aRifai, Nader,$eauthor$uProfessor of Pathology, Harvard Medical School<br>Louis Joseph Gay-Lussac Chair in Laboratory Medicine<br>Director of Clinical Chemistry, Boston Children's Hospital, Boston, MA USA
=245  10$aTietz Fundamentals of Clinical Chemistry and Molecular Diagnostics 8 e; South Asia edition ;E-book /$cNader Rifai.
=250  \\$a8th
=264  \1$bElsevier India,$c2019.
=300  \\$a1 online resource (1092 pages)
=336  \\$atext$2rdacontent
=337  \\$acomputer$2rdamedia
=338  \\$aonline resource$2rdacarrier
=505  0\$a<p>PART I: PRINCIPLES OF LABORATORY MEDICINE</p> <p>1. Clinical Chemistry, Molecular Diagnostics, and Laboratory Medicine </p> <p>2. Analytical and Clinical Evaluation of Methods</p> <p>3. Preanalytical Variation</p> <p>4. Biological Variation</p> <p>5. Establishment and Use of Reference Values </p> <p>6. Specimen Collection, Processing, and Other Preanalytical Variables </p> <p>7. Quality Management </p> <p>8. Principles of Basic Techniques and Laboratory Safety </p> <p>PART II: ANALYTICAL TECHNIQUES AND INSTRUMENTATION</p> <p>9. Optical Techniques </p> <p>10. Electrochemistry and Chemical Sensors </p> <p>11. Electrophoresis </p> <p>12. Chromatography </p> <p>13. Mass Spectrometry </p> <p>14. Enzyme and Rate Analyses </p> <p>15. Immunochemical Techniques </p> <p>16. Automation </p> <p>17. Point-of-Care Testing</p> <p>PART III: ANALYTES</p> <p>18. Amino Acids, Peptides, and Proteins </p> <p>19. Serum Enzymes </p> <p>20. Tumor Markers </p> <p>21. Kidney Function Tests - Creatinine, GFR, Urea, and Uric Acid</p> <p>22. Carbohydrates </p> <p>23. Lipids, Lipoproteins, Apolipoproteins, and Other Cardiac Risk Factors</p> <p>24. Electrolytes and Blood Gases </p> <p>25. Hormones</p> <p>26. Catecholamines and Serotonin </p> <p>27. Vitaminsand Trace Elements, </p> <p>28. Hemoglobin, Iron, and Bilirubin </p> <p>29. Porphyrins and Porphyrias </p> <p>30. Therapeutic Drug Monitoring</p> <p>31. Clinical Toxicology </p> <p>32. ToxicElements</p> <p>PART IV: PATHOPHYSIOLOGY </p> <p>33. Diabetes Mellitus</p> <p>34. Cardiovascular Disease </p> <p>35. Kidney Disease </p> <p>36. Physiology and Disorders of Water, Electrolyte, and Acid-Base Metabolism </p> <p>37. Liver Disease </p> <p>38. Gastrointestinal and Pancreatic Diseases </p> <p>39. Disorders of Bone and Mineral Metabolism </p> <p>40. Disorders of the Pituitary Gland</p> <p>41. Disorders of the Adrenal Cortex </p> <p>42. Thyroid Disorders </p> <p>43. Reproduction-Related Disorders </p> <p>44. Pregnancy and Prenatal Testing </p> <p>45. Newborn Screening and Inborn Errors of Metabolism</p> <p>46. Pharmacogenetics</p> <p>PART V: MOLECULAR DIAGNOSTICS </p> <p>47. Molecular Principles </p> <p>48. Molecular Techniques</p> <p>49. Molecular Applications</p> <p>Appendix Reference Information for the Clinical Laboratory</p>
=859  \\$aELD$bebook
=852  \\$aBritish Library$bHMNTS$cDRT$jELD.DS.612425
=CAT  \\$aBATCH-EBKN$b00$c20210513$lBLL01$h0204
=CAT  \\$aBATCH-UPD$b00$c20210513$lBLL01$h0204
=CAT  \\$aEBKS-FXD$c20210513$lBLL01$h0220
=CAT  \\$aBATCH$b00$c20210513$lBLL01$h0221
=CAT  \\$a7183$b40$c20220110$lBLL01$h1527
=DRT  \\$aLD-ebooks
=SRC  \\$aIngrams
=STA  \\$aSUPPRESSED$bE-content not eligible for Non-Print Legal Deposit
=ONX  \\$aIN
=ONS  \7$aMED$x071000$2bisacsh
=LAS  \\$a7183$b40$c20220110$lBLL01$h1527

