=LDR  03990cam a22004695i 4500
=001  020190132
=003  Uk
=005  20220110134947.0
=006  m\\\\||\\d\|\\\\\\
=007  cr\|||||||||||
=008  210510s2019\\\\|||||||fo\\\\||||\||eng\\
=FMT  \\$a  BK
=020  \\$a9788131257005$qPDF
=020  \\$a8131257002$qPDF
=037  \\$a9788131257005$bIngram Content Group
=040  \\$aUk$beng$cUk
=100  10$aNowak, Arthur,$eauthor$uProfessor, Departments of Pediatric Dentistry and Pediatrics, Colleges of Dentistry and Medicine, University of Iowa, Iowa City, IA
=245  10$aPediatric Dentistry, 6e-South Asia Edition -E-book /$cArthur Nowak, John R. Christensen, Tad R. Mabry, Janice Alisa Townsend, Martha H. Wells.
=250  \\$a6th
=264  \1$bElsevier India,$c2019.
=300  \\$a1 online resource (656 pages)
=336  \\$atext$2rdacontent
=337  \\$acomputer$2rdamedia
=338  \\$aonline resource$2rdacarrier
=505  0\$a<b>Part 1: Fundamentals of Pediatric Dentistry</b> <br>1. The Importance of Pediatric Dentistry <br>2. Differential Diagnosis of Oral Lesions and Developmental Anomalies <br>3. Anomalies of the Developing Dentition <br>4. Oral and Dental Care of Local and Systemic Diseases<br>5. Cleft Lip and Palate  NEW!<br>6. Fundamental Principles of Pediatric Physiology and Anatomy<br>7. Assessment and Management of Pain in the Pediatric Patient  NEW! (combines old chapters 6 and 7)<br>8. Pain Reaction Control: Sedation<br>9. Antimicrobials in Pediatric Dentistry <br>10. Medical Emergencies <br>11. Dental Public Health Issues in Pediatric Dentistry <br>12. Dental Caries<br><b>Part 2: Conception to Age Three<br></b>13. The Dynamics of Change<br>14. Examination, Diagnosis, and Treatment Planning of the Infant and Toddler<br>15. Prevention of Dental Disease<br>16. Introduction to Dental Trauma: Managing Traumatic Injuries in the Primary Dentition<br>17. Congenital Genetic Disorders and Syndromes<br><b>Part 3: The Primary Dentition Years: Three to Six Years</b> <br>18. The Dynamics of Change<br>19. Examination, Diagnosis, and Treatment Planning<br>20. Prevention of Dental Disease <br>21. Dental Materials<br>22. Restorative Dentistry for the Primary Dentition <br>23. Pulp Therapy for the Primary Dentition<br>24. Behavior Guidance of the Pediatric Dental Patient<br>25. Periodontal Problems in Children and Adolescents <br>26. Space Maintenance in the Primary Dentition <br>27. Oral Habits <br>28. Orthodontic Treatment in the Primary Dentition <br>29. Oral Surgery in Children <br><b>Part 4: The Transitional Years: Six to Twelve Years<br></b>30. The Dynamics of Change <br>31. Examination, Diagnosis, and Treatment Planning<br>32. Prevention of Dental Disease <br>33. Pit and Fissure Sealants: Scientific and Clinical Rationale <br>34. Pulp Therapy for the Young Permanent Dentition <br>35. Managing Traumatic Injuries in the Young Permanent Dentition <br>36. Treatment Planning and Management of Orthodontic Problems<br><b>Part 5: Adolescence</b><br>37. The Dynamics of Change <br>38. Examination, Diagnosis, and Treatment Planning for General and Orthodontic Problems <br>39. Prevention of Dental Disease <br>40. Restorative Dentistry for the Adolescent <br>41. Sports Dentistry and Mouth Protection
=700  1\$aChristensen, John R.,$eauthor.
=700  1\$aMabry, Tad R.,$eauthor.
=700  1\$aTownsend, Janice Alisa$eauthor
=700  1\$aWells, Martha H.$eauthor
=859  \\$aELD$bebook
=852  \\$aBritish Library$bHMNTS$cDRT$jELD.DS.612427
=CAT  \\$aBATCH-EBKN$b00$c20210513$lBLL01$h0204
=CAT  \\$aBATCH-UPD$b00$c20210513$lBLL01$h0204
=CAT  \\$aEBKS-FXD$c20210513$lBLL01$h0220
=CAT  \\$aBATCH$b00$c20210513$lBLL01$h0221
=CAT  \\$a7183$b40$c20220110$lBLL01$h1349
=DRT  \\$aLD-ebooks
=SRC  \\$aIngrams
=STA  \\$aSUPPRESSED$bE-content not eligible for Non-Print Legal Deposit
=ONX  \\$aIN
=ONS  \7$aMED$x016040$2bisacsh
=LAS  \\$a7183$b40$c20220110$lBLL01$h1349

