=LDR  03842cam a22006491i 4500
=001  020190133
=003  Uk
=005  20230223172139.0
=006  m\\\\||\\d\|\\\\\\
=007  cr\|||||||||||
=008  210510s2021\\\\ii\||||fo\\\\||||\||eng\\
=FMT  \\$a  BK
=015  \\$aGBC1I4323$2bnb
=020  \\$a9788131264546$qPDF
=020  \\$a8131264548$qPDF
=037  \\$a9788131264546$bIngram Content Group
=040  \\$aUk$beng$cUk
=042  \\$aukblsr
=082  04$a616.07/57$223
=100  1\$aLampignano, John P.,$eauthor.
=245  10$aBontrager's handbook of radiographic positioning and techniques /$cJohn P. Lampignano, MEd, RT (R) (CT), Leslie E. Kendrick, MS, RT (R) (CT) (MR).
=246  30$aHandbook of radiographic positioning and techniques
=250  \\$aTenth edition, South Asia edition.
=264  \1$aNew Delhi :$bElsevier India,$c2021.
=300  \\$a1 online resource (364 pages).
=336  \\$atext$2rdacontent
=337  \\$acomputer$2rdamedia
=338  \\$aonline resource$2rdacarrier
=505  0\$aChest : adult chest, upper airway, and pediatric chest -- Upper limb (extremity) : fingers, thumb, hand, wrist, forearm, elbow, and pediatric upper limb -- Humerus and shoulder girdle : humerus, shoulder, clavicle, scapula, and acromioclavicular AC joints -- Lower limb : toes, foot, calcaneus, ankle, lower leg (tibia-fibula), knee, intercondylar fossa, patella, and pediatric lower limb -- Femur and pelvic girdle : femur, proximal femora (hips), lateral hip (nontrauma), lateral hip (trauma), pelvis, acetabulum, and pediatric hips and pelvis -- Vertebral column : cervical spine, thoracic spine, lumbar spine, sacrum and coccyx, and sacroiliac (SI) joints -- Bony thorax : sternum, sternoclavicular joints, ribs (bilateral), and axillary ribs -- Cranium, facial bones, and paranasal sinuses : cranium (skull series), trauma (skull series), facial bones, trauma (facial bone series), optic foramina, zygomatic arches, nasal bones, mandible, temprormandibular joints, and paranasal sinuses -- Abdomen and common contrast media procedures : abdomen (adult), abdomen (pediatric), esophagogram, upper GI (stomach), small bowel, barium enema, intravenous urography (IVU), cystography -- Mobile (portables) and surgical procedures : mobile, surgical c-arm, procedure notes -- Appendix A : reducing patient dose -- Appendix B : time-mA (mAs) chart -- Appendix C : exposure-distance conversion chart -- Appendix E : grid ratio conversion chart -- Appendix F : initials (abbreviations, technical terms, and acronyms.
=650  \0$aRadiography, Medical$xPositioning$vHandbooks, manuals, etc.
=650  \0$aHuman anatomy$vHandbooks, manuals, etc.
=650  12$aTechnology, Radiologic$xmethods.
=650  22$aAnatomy, Regional.
=650  22$aPosture.
=650  22$aRadiography$xmethods.
=650  \7$aHuman anatomy.$2fast$0(OCoLC)fst00962785
=650  \7$aRadiography, Medical$xPositioning.$2fast$0(OCoLC)fst01088123
=655  \7$aHandbooks and manuals.$2fast$0(OCoLC)fst01423877
=700  1\$aKendrick, Leslie E.,$eauthor.
=859  \\$aELD$bebook
=852  \\$aBritish Library$bHMNTS$cDRT$jELD.DS.612428
=985  \\$aUpdated by MS generated file for WR2302-017
=BUF  1\$aN$d20211108
=CAT  \\$aBATCH-EBKN$b00$c20210513$lBLL01$h0204
=CAT  \\$aBATCH-UPD$b00$c20210513$lBLL01$h0204
=CAT  \\$aEBKS-FXD$c20210513$lBLL01$h0220
=CAT  \\$aBATCH$b00$c20210513$lBLL01$h0221
=CAT  \\$aBATCH-UPEB$b00$c20211108$lBLL01$h1700
=CAT  \\$a7183$b40$c20220106$lBLL01$h1612
=CAT  \\$aW2302-0174$c20230223$lBLL01$h2052
=FIN  \\$aY$d20211108
=DRT  \\$aLD-ebooks
=SRC  \\$aIngrams
=STA  \\$aSUPPRESSED$bE-content not eligible for Non-Print Legal Deposit
=ONS  \7$aMED$x003070$2bisacsh
=ONX  \\$aIN
=LAS  \\$aW2302-0174$b00$c20230223$lBLL01$h2052

