=LDR  01083cam a22003255i 4500
=001  020191810
=003  Uk
=005  20230517094415.0
=006  m\\\\||\\d\|\\\\\\
=007  cr\|||||||||||
=008  210516s2021\\\\xxk|||||o\\\\||||\||eng\\
=FMT  \\$a  BK
=040  \\$aUk$beng$cUk
=245  00$aSexual offences victim characteristics, England and Wales :$byear ending March 2020.
=264  \1$aUK :$bOffice for National Statistics,$c2021.
=300  \\$a1 online resource.
=336  \\$atext$2rdacontent
=337  \\$acomputer$2rdamedia
=338  \\$aonline resource$2rdacarrier
=500  \\$aArticle | 18 March 2021 | On advice of ELD Cat - Treat as Mono
=859  \\$aELD$bebook
=852  \\$aBritish Library$bHMNTS$cDRT$jELD.DS.613067
=CAT  \\$aBATCH-EBKN$b00$c20210516$lBLL01$h0700
=CAT  \\$aEBKS-FXD$c20210516$lBLL01$h0706
=CAT  \\$aBATCH$b00$c20210516$lBLL01$h0706
=CAT  \\$a11450$b40$c20230517$lBLL01$h0944
=DRT  \\$aLD-ebooks
=SRC  \\$aSubmission Portal
=STA  \\$aSUPPRESSED$bRebatched as Serial
=LAS  \\$a11450$b40$c20230517$lBLL01$h0944

