=LDR  01285cam a22003975i 4500
=001  018400555
=003  Uk
=005  20220110182856.0
=006  m\\\\||\\d\|\\\\\\
=007  cr\|||||||||||
=008  170628s2017\\\\|||||||fo\\\\||||\||eng\\
=FMT  \\$a  BK
=020  \\$a9788131247457$qEPUB
=020  \\$a8131247457$qEPUB
=037  \\$a9788131247457$bIngram Content Group
=040  \\$aUk$beng$cUk
=245  00$aMedical-Surgical Nursing Care Planning Resource, First South Asia Edition /$cMalarvizhi S.
=264  \1$bElsevier India,$c2017.
=300  \\$a1 online resource (600 pages).
=336  \\$atext$2rdacontent
=337  \\$acomputer$2rdamedia
=338  \\$aonline resource$2rdacarrier
=700  1\$aS., Malarvizhi$eeditor
=859  \\$aELD$bebook
=852  \\$aBritish Library$bHMNTS$cDRT$jELD.DS.150991
=CAT  \\$aBATCH-EBKN$b00$c20170701$lBLL01$h0241
=CAT  \\$aEBKS-FXD$c20170701$lBLL01$h0247
=CAT  \\$aBATCH$b00$c20170701$lBLL01$h0248
=CAT  \\$aW1810-2163$c20190208$lBLL01$h2032
=CAT  \\$a7183$b40$c20220110$lBLL01$h1828
=DRT  \\$aLD-ebooks
=SRC  \\$aIngrams
=STA  \\$aSUPPRESSED$bE-content not eligible for Non-Print Legal Deposit
=ONX  \\$aIN
=ONS  \7$aMED$x058140$2bisacsh
=LAS  \\$a7183$b40$c20220110$lBLL01$h1828

