=LDR  01160 am a22003495i 4500
=001  018417504
=003  Uk
=005  20210914090525.0
=006  m\\\\||\\d\|\\\\\\
=007  cr\|||||||||||
=008  170710s2016\\\\xxk|||||o\\\\||||\||eng\\
=FMT  \\$a  BK
=040  \\$aUk$beng$cUk
=245  00$aMonitoring financial resilience.
=264  \1$aBirmingham :$bOfwat,$c2016.
=300  \\$a1 online resource.
=336  \\$atext$2rdacontent
=337  \\$acomputer$2rdamedia
=338  \\$aonline resource$2rdacarrier
=500  \\$aReport updated on 25 May 2017 on page 21Invalid 14 digit ISBN 978-1-910739-68-23Trust in Water
=720  0\$aGreat Britain. Water Services Regulation Office
=859  \\$aELD$bebook
=852  \\$aBritish Library$bHMNTS$cDRT$jELD.DS.155326
=CAT  \\$aBATCH-EBKN$b00$c20170710$lBLL01$h0200
=CAT  \\$aEBKS-FXD$c20170710$lBLL01$h0204
=CAT  \\$aBATCH$b00$c20170710$lBLL01$h0204
=CAT  \\$aW1810-2163$c20190208$lBLL01$h2033
=CAT  \\$a11450$b40$c20210914$lBLL01$h0905
=DRT  \\$aLD-ebooks
=SRC  \\$aSubmission Portal
=STA  \\$aSUPPRESSED$bRebatched as Serial
=LAS  \\$a11450$b40$c20210914$lBLL01$h0905

