=LDR  01699 am a22004455i 4500
=001  018425479
=003  Uk
=005  20190130151912.0
=006  m\\\\||\\d\|\\\\\\
=007  cr\|||||||||||
=008  170622s2010\\\\nik|||||o||||f||||||eng|d
=FMT  \\$a  BK
=037  \\$aNIOPA_4336$bQueen's University Belfast$nNorthern Ireland Official Publications Repository
=040  \\$aNiBfQU$beng$cNiBfQU$dUk
=110  1\$aNorthern Ireland.$bDepartment for Regional Development,$eauthor.
=245  10$aRegional Development Strategy 2035.
=246  33$aRDS 2035
=264  \1$aNorthern Ireland :$bDepartment for Regional Development,$c[2010]
=300  \\$a1 online resource.
=336  \\$atext$2rdacontent
=337  \\$acomputer$2rdamedia
=338  \\$aonline resource$2rdacarrier
=650  \7$aCity planning.$2fast$0(OCoLC)fst00862177.
=650  \7$aEnvironmental policy.$2fast$0(OCoLC)fst00913250.
=650  \7$aEconomic development.$2fast$0(OCoLC)fst00901785.
=884  \\$aLDL ebooks transformation to marcxml using queens_eb2marc.xsl$g20170711$kNIOPA_4336$qUk
=859  \\$aELD$bebook
=852  \\$aBritish Library$bHMNTS$cDRT$jELD.DS.158786
=CAT  \\$aBATCH-EBKN$b00$c20170714$lBLL01$h0202
=CAT  \\$aEBKS-FXD$c20170714$lBLL01$h0210
=CAT  \\$aBATCH$b00$c20170714$lBLL01$h0211
=CAT  \\$a3391$b40$c20170718$lBLL01$h2005
=CAT  \\$a3391$b40$c20170718$lBLL01$h2006
=CAT  \\$a3391$b40$c20170725$lBLL01$h1258
=CAT  \\$a8250$b40$c20170727$lBLL01$h0845
=CAT  \\$aW1810-2165$c20190130$lBLL01$h1519
=DRT  \\$aLD-ebooks
=SRC  \\$aCollection Metadata
=STA  \\$aSUPPRESSED$bIncorrect document attached
=LAS  \\$aW1810-2165$b00$c20190130$lBLL01$h1519

