=LDR  01369 am a22003735i 4500
=001  018425482
=003  Uk
=005  20190130151912.0
=006  m\\\\||\\d\|\\\\\\
=007  cr\|||||||||||
=008  170622s2016\\\\nik|||||o||||f||||||eng|d
=FMT  \\$a  BK
=037  \\$aNIOPA_4244$bQueen's University Belfast$nNorthern Ireland Official Publications Repository
=040  \\$aNiBfQU$beng$cNiBfQU$dUk
=110  2\$aArds and North Down Borough Council,$eauthor.
=245  10$aQueen's Parade Bangor Development Brief.
=264  \1$aNorthern Ireland :$bDepartment for Communities,$c2016.
=300  \\$a1 online resource.
=336  \\$atext$2rdacontent
=337  \\$acomputer$2rdamedia
=338  \\$aonline resource$2rdacarrier
=650  \7$aRural development.$2fast$0(OCoLC)fst01101498.
=884  \\$aLDL ebooks transformation to marcxml using queens_eb2marc.xsl$g20170711$kNIOPA_4244$qUk
=859  \\$aELD$bebook
=852  \\$aBritish Library$bHMNTS$cDRT$jELD.DS.158789
=CAT  \\$aBATCH-EBKN$b00$c20170714$lBLL01$h0202
=CAT  \\$aEBKS-FXD$c20170714$lBLL01$h0210
=CAT  \\$aBATCH$b00$c20170714$lBLL01$h0211
=CAT  \\$a8874$b40$c20170831$lBLL01$h0722
=CAT  \\$aW1810-2165$c20190130$lBLL01$h1519
=DRT  \\$aLD-ebooks
=SRC  \\$aCollection Metadata
=STA  \\$aSUPPRESSED$bIncomplete copy.
=LAS  \\$aW1810-2165$b00$c20190130$lBLL01$h1519

