=LDR  01461 am a22003735i 4500
=001  018425484
=003  Uk
=005  20190130151912.0
=006  m\\\\||\\d\|\\\\\\
=007  cr\|||||||||||
=008  170622s2015\\\\nik|||||o||||f||||||eng|d
=FMT  \\$a  BK
=037  \\$aNIOPA_4237$bQueen's University Belfast$nNorthern Ireland Official Publications Repository
=040  \\$aNiBfQU$beng$cNiBfQU$dUk
=110  2\$aNorthern Ireland Statistics & Research Agency,$eauthor.
=245  10$aMap 1 :$bProportion of Population aged 85 and over by the new Local Government Districts, mid-2014.
=264  \1$aNorthern Ireland :$bNorthern Ireland Statistics & Research Agency,$c2015.
=300  \\$a1 online resource.
=336  \\$atext$2rdacontent
=337  \\$acomputer$2rdamedia
=338  \\$aonline resource$2rdacarrier
=650  \7$aStatistics.$2fast$0(OCoLC)fst01132103.
=884  \\$aLDL ebooks transformation to marcxml using queens_eb2marc.xsl$g20170711$kNIOPA_4237$qUk
=859  \\$aELD$bebook
=852  \\$aBritish Library$bHMNTS$cDRT$jELD.DS.158791
=CAT  \\$aBATCH-EBKN$b00$c20170714$lBLL01$h0202
=CAT  \\$aEBKS-FXD$c20170714$lBLL01$h0210
=CAT  \\$aBATCH$b00$c20170714$lBLL01$h0211
=CAT  \\$a8250$b40$c20170727$lBLL01$h0849
=CAT  \\$aW1810-2165$c20190130$lBLL01$h1519
=DRT  \\$aLD-ebooks
=SRC  \\$aCollection Metadata
=STA  \\$aSUPPRESSED$bIncorrect document attached
=LAS  \\$aW1810-2165$b00$c20190130$lBLL01$h1519

