=LDR  01088 am a22003375i 4500
=001  018426975
=003  Uk
=005  20190208203346.0
=006  m\\\\||\\d\|\\\\\\
=007  cr\|||||||||||
=008  170715s2016\\\\xxk|||||o\\\\||||\||eng\\
=FMT  \\$a  BK
=040  \\$aUk$beng$cUk
=245  00$aSummary of badger control monitoring during 2016.
=264  \1$a[London] :$bDepartment for Environment, Food and Rural Affairs,$c2016.
=300  \\$a1 online resource.
=336  \\$atext$2rdacontent
=337  \\$acomputer$2rdamedia
=338  \\$aonline resource$2rdacarrier
=500  \\$aDecember 2016PB 14448
=859  \\$aELD$bebook
=852  \\$aBritish Library$bHMNTS$cDRT$jELD.DS.159849
=CAT  \\$aBATCH-EBKN$b00$c20170715$lBLL01$h0222
=CAT  \\$aEBKS-FXD$c20170715$lBLL01$h0226
=CAT  \\$aBATCH$b00$c20170715$lBLL01$h0227
=CAT  \\$a14412$b40$c20180524$lBLL01$h0932
=CAT  \\$aW1810-2163$c20190208$lBLL01$h2033
=DRT  \\$aLD-ebooks
=SRC  \\$aSubmission Portal
=STA  \\$aSUPPRESSED$bRebatched as Serial
=LAS  \\$aW1810-2163$b00$c20190208$lBLL01$h2033

