=LDR  03303cam a22004335i 4500
=001  018434501
=003  Uk
=005  20220111130237.0
=006  m\\\\||\\d\|\\\\\\
=007  cr\|||||||||||
=008  170719s2017\\\\|||||||fo\\\\||||\||eng\\
=FMT  \\$a  BK
=020  \\$a9788131249314$qEPUB
=020  \\$a813124931X$qEPUB
=037  \\$a9788131249314$bIngram Content Group
=040  \\$aUk$beng$cUk
=245  00$aProsthodontic Treatment for Edentulous Patients: Complete Dentures and Implant-Supported Prostheses - EBK :$b1st South Asia Edition /$cMahesh Verma, Aditi Nanda.
=264  \1$bElsevier India,$c2017.
=300  \\$a1 online resource (514 pages).
=336  \\$atext$2rdacontent
=337  \\$acomputer$2rdamedia
=338  \\$aonline resource$2rdacarrier
=505  0\$a<p>Chapter 1: The Edentulous State</p> <p>Chapter 2: Systemic Health Aspects and Nutritional Considerations for Edentulous Patients: Chapter 3: The Aging Edentulous Patient:Chapter 4: Sequelae Caused by Wearing Complete Dentures:</p> <ul> </ul> <p>Chapter 5: Hstory Taking, Treatment Planning, and Improving Denture-Bearing Areas for Edentulous Patients</p> <p>Chapter 6: Additional Treatment Planning Options for Both Edentulous and Potentially Edentulous Patients</p> <p>Chapter 7: Materials Used in the Management of Edentulous Patients.</p> <p>Chapter 8: Maxillary and Mandibular Substitutes for the Denture-Bearing Area </p> <ul> </ul> <p>Chapter 9: The Dentures' Polished Surfaces, Recording Jaw Relations, and Their Transfer to an Articulator.</p> <p>Chapter 10: The Occlusal Surfaces: The Selection and Arrangement of Prosthetic Teeth</p> <p>Chapter 11: The Try-in Appointment</p> <p>Chapter 12: Prosthesis Insertion and Follow-up Appointments</p> <p>Chapter 13: Modified Protocols for Immediate Dentures, Overdentures, and Single Dentures</p> <p>Chapter 14: Prolonging the Useful Life of Complete Dentures: Relines, repairs, and Duplications</p> <p>Chapter 15: Speech Considerations with Complete Dentures</p> <p>Chapter 16: The Science of Osseointegration</p> <p>Chapter 17: Implant Overdentures  </p> <ul> <ul> </ul></ul> <p>Ch 18: Fixed Full-Arch implant supported Prosthesis for the Edentulous patien</p> <p>Ch 19: Maxillofacial Prosthodontics for the Edentulous Patient</p> <p>Ch 20: Managing Problems and Complications</p> <p>Ch 21: Immediately Loaded Complete dental prostheses </p> <ul> <ul> </ul></ul> <p>Ch 22: Current and possible Future Directions in Implant Prosthodontics:Ch 23: The impact of Socioeconomic, Cultural, and Technological Changes and the Notion of Standards of Care and Alternative Protocols: </p>
=700  1\$aVerma, Mahesh,$eeditor.
=700  1\$aNanda, Aditi$eeditor
=859  \\$aELD$bebook
=852  \\$aBritish Library$bHMNTS$cDRT$jELD.DS.163166
=CAT  \\$aBATCH-EBKN$b00$c20170722$lBLL01$h0201
=CAT  \\$aBATCH-UPD$b00$c20170722$lBLL01$h0202
=CAT  \\$aEBKS-FXD$c20170722$lBLL01$h0210
=CAT  \\$aBATCH$b00$c20170722$lBLL01$h0212
=CAT  \\$aW1810-2163$c20190208$lBLL01$h2034
=CAT  \\$a7183$b40$c20220111$lBLL01$h1302
=DRT  \\$aLD-ebooks
=SRC  \\$aIngrams
=STA  \\$aSUPPRESSED$bE-content not eligible for Non-Print Legal Deposit
=ONX  \\$aIN
=ONS  \7$aMED$x016000$2bisacsh
=LAS  \\$a7183$b40$c20220111$lBLL01$h1302

