=LDR  01538 am a22003975i 4500
=001  018455350
=003  Uk
=005  20210413160454.0
=006  m\\\\||\\d\|\\\\\\
=007  cr\|||||||||||
=008  170804s2013\\\\xxk|||||o\\\\||||\||eng\\
=FMT  \\$a  BK
=020  \\$a9780953823338
=040  \\$aUk$beng$cUk
=082  04$a782.42166092$221$qUkWkNB
=245  00$aPUTTIN' ON THE STYLE :$bThe Lonnie Donegan Story.
=264  \1$aLiverpool :$bSpencer Leigh Limited,$c2013.
=300  \\$a1 online resource.
=336  \\$atext$2rdacontent
=337  \\$acomputer$2rdamedia
=338  \\$aonline resource$2rdacarrier
=500  \\$aThis is a Kindle edition of a book originally published by Finbarr International in 2003. The ISBN was 0-9529500-2-2. Test has been slightly updated and the illustrations have been dropped for Kindle.
=720  0\$aSpencer Leigh
=859  \\$aELD$bebook
=852  \\$aBritish Library$bHMNTS$cDRT$jELD.DS.167812$qImperfect:ebook display problem (Word doc).
=985  \\$aCorrected by MS generated file for WR# 2102-0049
=CAT  \\$aBATCH-EBKN$b00$c20170804$lBLL01$h0226
=CAT  \\$aEBKS-FXD$c20170804$lBLL01$h0233
=CAT  \\$aBATCH$b00$c20170804$lBLL01$h0234
=CAT  \\$aW1810-2163$c20190208$lBLL01$h2034
=CAT  \\$a11279$b40$c20190425$lBLL01$h0909
=CAT  \\$aBLSS-CORR$b00$c20210413$lBLL01$h1604
=DRT  \\$aLD-ebooks
=SRC  \\$aSubmission Portal
=STA  \\$aSUPPRESSED$bE-content not adequate for display, no replacement sent
=LAS  \\$aBLSS-CORR$b00$c20210413$lBLL01$h1604

