=LDR  01301 am a22003735i 4500
=001  018455351
=003  Uk
=005  20190208203454.0
=006  m\\\\||\\d\|\\\\\\
=007  cr\|||||||||||
=008  170804s2015\\\\xxk|||||o\\\\||||\||eng\\
=FMT  \\$a  BK
=020  \\$a9780992767167
=040  \\$aUk$beng$cUk
=245  00$aExpat Survival.
=250  \\$a2
=264  \1$aLondon, UK :$bThe Canary Islander Publishing,$c2015.
=300  \\$a1 online resource.
=336  \\$atext$2rdacontent
=337  \\$acomputer$2rdamedia
=338  \\$aonline resource$2rdacarrier
=500  \\$aThis is not a 'Do it yourself guide', but a few thoughts on the best way to survive in a country that is your choice and not merely an accident of birth.
=720  0\$aBarrie Mahoney
=859  \\$aELD$bebook
=852  \\$aBritish Library$bHMNTS$cDRT$jELD.DS.167813$qImperfect: ebook display problem.
=CAT  \\$aBATCH-EBKN$b00$c20170804$lBLL01$h0226
=CAT  \\$aEBKS-FXD$c20170804$lBLL01$h0233
=CAT  \\$aBATCH$b00$c20170804$lBLL01$h0234
=CAT  \\$a11279$b40$c20181213$lBLL01$h1636
=CAT  \\$aW1810-2163$c20190208$lBLL01$h2034
=DRT  \\$aLD-ebooks
=SRC  \\$aSubmission Portal
=STA  \\$aSUPPRESSED$bE-content not adequate for display
=LAS  \\$aW1810-2163$b00$c20190208$lBLL01$h2034

