=LDR  01151 am a22003375i 4500
=001  018456816
=003  Uk
=005  20190208203459.0
=006  m\\\\||\\d\|\\\\\\
=007  cr\|||||||||||
=008  170806s2016\\\\xxk|||||o\\\\||||\||eng\\
=FMT  \\$a  BK
=040  \\$aUk$beng$cUk
=245  00$aIndex of cancer survival for Clinical Commissioning Groups in England :$badults diagnosed 1999 to 2014 and followed up to 2015.
=264  \1$aUK :$bOffice for National Statistics,$c2016.
=300  \\$a1 online resource.
=336  \\$atext$2rdacontent
=337  \\$acomputer$2rdamedia
=338  \\$aonline resource$2rdacarrier
=859  \\$aELD$bebook
=852  \\$aBritish Library$bHMNTS$cDRT$jELD.DS.168961
=CAT  \\$aBATCH-EBKN$b00$c20170806$lBLL01$h0201
=CAT  \\$aEBKS-FXD$c20170806$lBLL01$h0208
=CAT  \\$aBATCH$b00$c20170806$lBLL01$h0208
=CAT  \\$a14412$b40$c20180413$lBLL01$h0828
=CAT  \\$a14412$b40$c20180413$lBLL01$h0829
=CAT  \\$aW1810-2163$c20190208$lBLL01$h2034
=DRT  \\$aLD-ebooks
=SRC  \\$aSubmission Portal
=STA  \\$aSUPPRESSED$bRebatched as Serial
=LAS  \\$aW1810-2163$b00$c20190208$lBLL01$h2034

