=LDR  01457 am a22003735i 4500
=001  018456893
=003  Uk
=005  20190130151914.0
=006  m\\\\||\\d\|\\\\\\
=007  cr\|||||||||||
=008  170802s2016\\\\nik|||||o||||f||||||eng|d
=FMT  \\$a  BK
=037  \\$aNIOPA_4746$bQueen's University Belfast$nNorthern Ireland Official Publications Repository
=040  \\$aNiBfQU$beng$cNiBfQU$dUk
=110  2\$aNorthern Ireland Practice and Education Council for Nursing & Midwifery,$eauthor.
=245  10$aSCAN :$bSenior Nurse/Midwife Current Awareness from NIPEC.
=264  \1$aNorthern Ireland :$bNorthern Ireland Practice and Education Council for Nursing & Midwifery,$c2016.
=300  \\$a1 online resource.
=336  \\$atext$2rdacontent
=337  \\$acomputer$2rdamedia
=338  \\$aonline resource$2rdacarrier
=650  \7$aHealth.$2fast$0(OCoLC)fstHealth.
=884  \\$aLDL ebooks transformation to marcxml using queens_eb2marc.xsl$g20170804$kNIOPA_4746$qUk
=859  \\$aELD$bebook
=852  \\$aBritish Library$bHMNTS$cDRT$jELD.DS.169038
=CAT  \\$aBATCH-EBKN$b00$c20170807$lBLL01$h0201
=CAT  \\$aEBKS-FXD$c20170807$lBLL01$h0208
=CAT  \\$aBATCH$b00$c20170807$lBLL01$h0209
=CAT  \\$a8874$b40$c20170831$lBLL01$h0719
=CAT  \\$aW1810-2165$c20190130$lBLL01$h1519
=DRT  \\$aLD-ebooks
=SRC  \\$aCollection Metadata
=STA  \\$aSUPPRESSED$bSubmitted in error
=LAS  \\$aW1810-2165$b00$c20190130$lBLL01$h1519

