=LDR  01451 am a22003975i 4500
=001  018456971
=003  Uk
=005  20200728084606.0
=006  m\\\\||\\d\|\\\\\\
=007  cr\|||||||||||
=008  170802s2016\\\\nik|||||o||||f||||||eng|d
=FMT  \\$a  BK
=020  \\$a9781848077072
=037  \\$aNIOPA_4988$bQueen's University Belfast$nNorthern Ireland Official Publications Repository
=040  \\$aNiBfQU$beng$cNiBfQU$dUk
=110  1\$aNorthern Ireland.$bForest Service,$eauthor.
=245  10$aNorthern Ireland Register of Pre-Basic and Basic Seed Potato Crops 2016.
=264  \1$aNorthern Ireland :$bForest Service,$c[2016]
=300  \\$a1 online resource.
=336  \\$atext$2rdacontent
=337  \\$acomputer$2rdamedia
=338  \\$aonline resource$2rdacarrier
=650  \7$aCrops.$2fast$0(OCoLC)fstCrops.
=884  \\$aLDL ebooks transformation to marcxml using queens_eb2marc.xsl$g20170804$kNIOPA_4988$qUk
=859  \\$aELD$bebook
=852  \\$aBritish Library$bHMNTS$cDRT$jELD.DS.169116
=CAT  \\$aBATCH-EBKN$b00$c20170807$lBLL01$h0201
=CAT  \\$aEBKS-FXD$c20170807$lBLL01$h0208
=CAT  \\$aBATCH$b00$c20170807$lBLL01$h0209
=CAT  \\$a7907$b40$c20170823$lBLL01$h1704
=CAT  \\$aW1810-2165$c20190130$lBLL01$h1519
=CAT  \\$a15020$b40$c20200728$lBLL01$h0846
=DRT  \\$aLD-ebooks
=SRC  \\$aCollection Metadata
=STA  \\$aSUPPRESSED$bRe-batched as serial
=LAS  \\$a15020$b40$c20200728$lBLL01$h0846

