=LDR  01539 am a22003855i 4500
=001  018464490
=003  Uk
=005  20190130151917.0
=006  m\\\\||\\d\|\\\\\\
=007  cr\|||||||||||
=008  170802s2016\\\\nik|||||o||||f||||||eng|d
=FMT  \\$a  BK
=037  \\$aNIOPA_4950$bQueen's University Belfast$nNorthern Ireland Official Publications Repository
=040  \\$aNiBfQU$beng$cNiBfQU$dUk
=110  2\$aNational Advisory Committee on Drugs and Alcohol,$eauthor.
=245  10$aPrevalence of Drug Use and Gambling in Ireland and Drug Use in Northern Ireland :$bBulletin 1.
=264  \1$aNorthern Ireland :$bNational Advisory Committee on Drugs and Alcohol (NACDA),$c2016.
=300  \\$a1 online resource.
=336  \\$atext$2rdacontent
=337  \\$acomputer$2rdamedia
=338  \\$aonline resource$2rdacarrier
=650  \7$aDrug abuse.$2fast$0(OCoLC)fstDrug abuse.
=710  1\$aNorthern Ireland.$bDepartment of Health,$eauthor.
=884  \\$aLDL ebooks transformation to marcxml using queens_eb2marc.xsl$g20170804$kNIOPA_4950$qUk
=859  \\$aELD$bebook
=852  \\$aBritish Library$bHMNTS$cDRT$jELD.DS.169326
=CAT  \\$aBATCH-EBKN$b00$c20170810$lBLL01$h0201
=CAT  \\$aEBKS-FXD$c20170810$lBLL01$h0208
=CAT  \\$aBATCH$b00$c20170810$lBLL01$h0209
=CAT  \\$a8874$b40$c20170831$lBLL01$h0721
=CAT  \\$aW1810-2165$c20190130$lBLL01$h1519
=DRT  \\$aLD-ebooks
=SRC  \\$aCollection Metadata
=STA  \\$aSUPPRESSED$bNot liable for legal deposit
=LAS  \\$aW1810-2165$b00$c20190130$lBLL01$h1519

