=LDR  01556 am a22003975i 4500
=001  018464499
=003  Uk
=005  20190130151917.0
=006  m\\\\||\\d\|\\\\\\
=007  cr\|||||||||||
=008  170802s2016\\\\nik|||||o||||f||||||eng|d
=FMT  \\$a  BK
=037  \\$aNIOPA_5038$bQueen's University Belfast$nNorthern Ireland Official Publications Repository
=040  \\$aNiBfQU$beng$cNiBfQU$dUk
=110  1\$aNorthern Ireland.$bDepartment of Justice.$bAnalytical Services Group,$eauthor.
=245  10$aCounty Court Bulletin July to September 2016.
=264  \1$aNorthern Ireland :$bAnalytical Services Group, Department of Justice,$c2016.
=300  \\$a1 online resource.
=336  \\$atext$2rdacontent
=337  \\$acomputer$2rdamedia
=338  \\$aonline resource$2rdacarrier
=490  0\$aResearch and Statistical Bulletin ;$v29/2016
=650  \7$aJustice, Administration of.$2fast$0(OCoLC)fstJustice, Administration of.
=700  1\$aRedmond, R,$eauthor.
=884  \\$aLDL ebooks transformation to marcxml using queens_eb2marc.xsl$g20170804$kNIOPA_5038$qUk
=859  \\$aELD$bebook
=852  \\$aBritish Library$bHMNTS$cDRT$jELD.DS.169335
=CAT  \\$aBATCH-EBKN$b00$c20170810$lBLL01$h0201
=CAT  \\$aEBKS-FXD$c20170810$lBLL01$h0208
=CAT  \\$aBATCH$b00$c20170810$lBLL01$h0209
=CAT  \\$a8874$b40$c20170831$lBLL01$h0720
=CAT  \\$aW1810-2165$c20190130$lBLL01$h1519
=DRT  \\$aLD-ebooks
=SRC  \\$aCollection Metadata
=STA  \\$aSUPPRESSED$bSubmitted in error
=LAS  \\$aW1810-2165$b00$c20190130$lBLL01$h1519

