=LDR  01543 am a22004575i 4500
=001  018466120
=003  Uk
=005  20190208203504.0
=006  m\\\\||\\d\|\\\\\\
=007  cr\|||||||||||
=008  170809s2017\\\\|||||||go\\\\||||\||eng\\
=FMT  \\$a  BK
=037  \\$a9781351623759$bIngram Content Group
=040  \\$aUk$beng$cUk
=100  1\$aThompson, Naomi,$eauthor.
=245  10$aYoung People and Church Since 1900 :$bEngagement and Exclusion /$cNaomi Thompson.
=250  \\$a1st
=264  \1$bRoutledge,$c2017.
=300  \\$a1 online resource (196 pages :$b7 illustrations).
=336  \\$atext$2rdacontent
=337  \\$acomputer$2rdamedia
=338  \\$aonline resource$2rdacarrier
=490  1\$aAHRC/ESRC Religion and Society Series
=859  \\$aELD$bebook
=852  \\$aBritish Library$bHMNTS$cDRT$jELD.DS.169436$qImperfect: ebook display problem.
=CAT  \\$aBATCH-EBKN$b00$c20170812$lBLL01$h0228
=CAT  \\$aBATCH-UPD$b00$c20170812$lBLL01$h0228
=CAT  \\$aEBKS-FXD$c20170812$lBLL01$h0237
=CAT  \\$aBATCH$b00$c20170812$lBLL01$h0239
=CAT  \\$a11279$b40$c20180813$lBLL01$h1200
=CAT  \\$aW1810-2163$c20190208$lBLL01$h2035
=DRT  \\$aLD-ebooks
=SRC  \\$aIngrams
=STA  \\$aSUPPRESSED$bE-content not adequate for display
=ONS  \7$aREL$x026000$2bisacsh
=ONS  \7$aREL$b012110$2bisacsh
=ONS  \7$aREL$b109020$2bisacsh
=ONS  \7$aSOC$b039000$2bisacsh
=ONS  \7$aREL$b000000$2bisacsh
=ONS  \7$aREL$b109030$2bisacsh
=LAS  \\$aW1810-2163$b00$c20190208$lBLL01$h2035

