=LDR  01811aam a22005291i 4500
=001  018466693
=003  Uk
=005  20210512082707.0
=006  m\\\\||\\d\|\\\\\\
=007  cr\|||||||||||
=008  170814s2017\\\\xxk|||||o\\\\||||\||eng\\
=FMT  \\$a  BK
=015  \\$aGBB7K1393$2bnb
=020  \\$a9781908545923
=040  \\$aUk$beng$cUk
=042  \\$aukblsr
=082  04$a343.4105234$223
=100  1\$aChidell, Ray.
=245  10$aA-Z of plant & machinery /$cRay Chidell, Lindsay Pentelow.
=246  3\$aA-Z of plant and machinery 2014-15
=264  \1$aChester :$bClaritax Books,$c2017.
=300  \\$a1 online resource.
=336  \\$atext$2rdacontent
=337  \\$acomputer$2rdamedia
=338  \\$aonline resource$2rdacarrier
=650  \0$aDepreciation allowances$xLaw and legislation$zGreat Britain.
=650  \0$aMachinery$xTaxation$zGreat Britain.
=650  \0$aFactories$xTaxation$zGreat Britain.
=650  \7$aDepreciation allowances$xLaw and legislation.$2fast$0(OCoLC)fst00890896
=650  \7$aFactories$xTaxation.$2fast$0(OCoLC)fst00919703
=650  \7$aMachinery$xTaxation.$2fast$0(OCoLC)fst01005020
=651  \7$aGreat Britain.$2fast$0(OCoLC)fst01204623
=700  1\$aPentelow, Lindsay.
=859  \\$aELD$bebook
=852  \\$aBritish Library$bHMNTS$cDRT$jELD.DS.170108
=BUF  1\$aN$d20171030
=CAT  \\$aBATCH-EBKN$b00$c20170814$lBLL01$h0202
=CAT  \\$aEBKS-FXD$c20170814$lBLL01$h0207
=CAT  \\$aBATCH$b00$c20170814$lBLL01$h0208
=CAT  \\$aBATCH-UPEB$b00$c20171030$lBLL01$h1700
=CAT  \\$aW1810-2163$c20190208$lBLL01$h2035
=CAT  \\$a15020$b40$c20210512$lBLL01$h0827
=FIN  \\$aY$d20171030
=DRT  \\$aLD-ebooks
=SRC  \\$aSubmission Portal
=STA  \\$aSUPPRESSED$bRebatched as Serial
=LAS  \\$a15020$b40$c20210512$lBLL01$h0827

