=LDR  01189 am a22003495i 4500
=001  018466715
=003  Uk
=005  20190916094842.0
=006  m\\\\||\\d\|\\\\\\
=007  cr\|||||||||||
=008  170814s2017\\\\xxk|||||o\\\\||||\||eng\\
=FMT  \\$a  BK
=020  \\$a9781909967410
=040  \\$aUk$beng$cUk
=245  00$aNational Schedule of Rates :$bAccess Audit 2017/18.
=264  \1$aAylesbury :$bNSR Management Lts,$c2017.
=300  \\$a1 online resource.
=336  \\$atext$2rdacontent
=337  \\$acomputer$2rdamedia
=338  \\$aonline resource$2rdacarrier
=500  \\$aThe National Schedules are an industry standard series of pricing & payment mechanisms for use in Term Maintenance Contracts.
=859  \\$aELD$bebook
=852  \\$aBritish Library$bHMNTS$cDRT$jELD.DS.170130
=CAT  \\$aBATCH-EBKN$b00$c20170814$lBLL01$h0202
=CAT  \\$aEBKS-FXD$c20170814$lBLL01$h0207
=CAT  \\$aBATCH$b00$c20170814$lBLL01$h0208
=CAT  \\$aW1810-2163$c20190208$lBLL01$h2035
=CAT  \\$a14412$b40$c20190916$lBLL01$h0948
=DRT  \\$aLD-ebooks
=SRC  \\$aSubmission Portal
=STA  \\$aSUPPRESSED$bRe-batched as Serial
=LAS  \\$a14412$b40$c20190916$lBLL01$h0948

