=LDR  01043 am a22003255i 4500
=001  018482101
=003  Uk
=005  20191023093218.0
=006  m\\\\||\\d\|\\\\\\
=007  cr\|||||||||||
=008  170827s2017\\\\xxk|||||o\\\\||||\||eng\\
=FMT  \\$a  BK
=040  \\$aUk$beng$cUk
=245  00$aPrescribed Specialised Services Advisory Group :$bRecommendations to Ministers.
=264  \1$aLondon :$bDepartment of Health,$c2017.
=300  \\$a1 online resource.
=336  \\$atext$2rdacontent
=337  \\$acomputer$2rdamedia
=338  \\$aonline resource$2rdacarrier
=859  \\$aELD$bebook
=852  \\$aBritish Library$bHMNTS$cDRT$jELD.DS.175593
=CAT  \\$aBATCH-EBKN$b00$c20170827$lBLL01$h0202
=CAT  \\$aEBKS-FXD$c20170827$lBLL01$h0211
=CAT  \\$aBATCH$b00$c20170827$lBLL01$h0212
=CAT  \\$aW1810-2163$c20190208$lBLL01$h2036
=CAT  \\$a15005$b40$c20191023$lBLL01$h0932
=DRT  \\$aLD-ebooks
=SRC  \\$aSubmission Portal
=STA  \\$aSUPPRESSED$bRebatched as Serial
=LAS  \\$a15005$b40$c20191023$lBLL01$h0932

