=LDR  01906 am a2200505 i 4500
=001  018500603
=003  Uk
=005  20210614155311.0
=006  m\\\\||\\d\|\\\\\\
=007  cr\|||||||||||
=008  170907s2017\\\\enka\\\\o\\\\|0|0\0|eng\\
=FMT  \\$a  BK
=015  \\$aGBC011376$2bnb
=020  \\$a9781786554055
=040  \\$aUk$beng$cUk$erda
=042  \\$aukblsr
=082  04$a363.232$223
=245  00$aOperation of police powers under the Terrorism Act 2000 and subsequent legislation :$barrests, outcomes, and stop and search, Great Britain, financial year ending 31 March 2017.
=264  \1$a[London] :$bHome Office,$cJune 2017.
=300  \\$a1 online resource (27 pages) :$billustrations (colour).
=336  \\$atext$2rdacontent
=337  \\$acomputer$2rdamedia
=338  \\$aonline resource$2rdacarrier
=490  1\$aStatistical bulletin,$x1759-7005 ;$v08/17
=650  \7$aArrest (Police methods)$2fast$0(OCoLC)fst00815075
=650  \7$aSearches and seizures.$2fast$0(OCoLC)fst01110379
=650  \7$aPolice power.$2fast$0(OCoLC)fst01068645
=650  \7$aTerrorism$xPrevention.$2fast$0(OCoLC)fst01148123
=650  \7$aStatistics.$2fast$0(OCoLC)fst01132103
=651  \7$aGreat Britain.$2fast$0(OCoLC)fst01204623
=710  1\$aGreat Britain.$bHome Office,$epublisher.
=830  \0$aHome Office statistical bulletin ;$v08/17.
=859  \\$aELD$bebook
=852  \\$aBritish Library$bHMNTS$cDRT$jELD.DS.176418
=CAT  \\$aBATCH-EBKN$b00$c20170907$lBLL01$h0232
=CAT  \\$aEBKS-FXD$c20170907$lBLL01$h0239
=CAT  \\$aBATCH$b00$c20170907$lBLL01$h0240
=CAT  \\$aW1810-2163$c20190208$lBLL01$h2036
=CAT  \\$a8141$b40$c20200128$lBLL01$h1351
=CAT  \\$a15190$b40$c20210614$lBLL01$h1553
=FIN  \\$aY$d20200128
=DRT  \\$aLD-ebooks
=SRC  \\$aSubmission Portal
=STA  \\$aSUPPRESSED$bRebatched as Serial
=LAS  \\$a15190$b40$c20210614$lBLL01$h1553

