=LDR  00994 am a22003255i 4500
=001  018505469
=003  Uk
=005  20190208203714.0
=006  m\\\\||\\d\|\\\\\\
=007  cr\|||||||||||
=008  170910s2016\\\\xxk|||||o\\\\||||\||eng\\
=FMT  \\$a  BK
=040  \\$aUk$beng$cUk
=245  00$aEngland Natural Environment Indicators.
=264  \1$aLONDON :$bDEFRA,$c2016.
=300  \\$a1 online resource.
=336  \\$atext$2rdacontent
=337  \\$acomputer$2rdamedia
=338  \\$aonline resource$2rdacarrier
=859  \\$aELD$bebook
=852  \\$aBritish Library$bHMNTS$cDRT$jELD.DS.179059
=CAT  \\$aBATCH-EBKN$b00$c20170910$lBLL01$h0229
=CAT  \\$aEBKS-FXD$c20170910$lBLL01$h0237
=CAT  \\$aBATCH$b00$c20170910$lBLL01$h0240
=CAT  \\$a14412$b40$c20180504$lBLL01$h0958
=CAT  \\$aW1810-2163$c20190208$lBLL01$h2037
=DRT  \\$aLD-ebooks
=SRC  \\$aSubmission Portal
=STA  \\$aSUPPRESSED$bRe-batched as Serial
=LAS  \\$aW1810-2163$b00$c20190208$lBLL01$h2037

