=LDR  01056 am a22003375i 4500
=001  018505535
=003  Uk
=005  20190208203715.0
=006  m\\\\||\\d\|\\\\\\
=007  cr\|||||||||||
=008  170910s2015\\\\xxk|||||o\\\\||||\||eng\\
=FMT  \\$a  BK
=040  \\$aUk$beng$cUk
=245  00$aRegulating for people, environment and growth :$b2014 evidence summary.
=264  \1$bEnvironment Agency,$c[2015].
=300  \\$a1 online resource.
=336  \\$atext$2rdacontent
=337  \\$acomputer$2rdamedia
=338  \\$aonline resource$2rdacarrier
=500  \\$aLIT 10159
=859  \\$aELD$bebook
=852  \\$aBritish Library$bHMNTS$cDRT$jELD.DS.179125
=CAT  \\$aBATCH-EBKN$b00$c20170910$lBLL01$h0229
=CAT  \\$aEBKS-FXD$c20170910$lBLL01$h0237
=CAT  \\$aBATCH$b00$c20170910$lBLL01$h0240
=CAT  \\$a11450$b40$c20181127$lBLL01$h1259
=CAT  \\$aW1810-2163$c20190208$lBLL01$h2037
=DRT  \\$aLD-ebooks
=SRC  \\$aSubmission Portal
=STA  \\$aSUPPRESSED$bRebatched as Serial
=LAS  \\$aW1810-2163$b00$c20190208$lBLL01$h2037

