=LDR  01121 am a22003375i 4500
=001  018507245
=003  Uk
=005  20190208203727.0
=006  m\\\\||\\d\|\\\\\\
=007  cr\|||||||||||
=008  170911s2017\\\\xxk|||||o\\\\||||\||eng\\
=FMT  \\$a  BK
=040  \\$aUk$beng$cUk
=245  00$aDefra National Statistics Release: Air quality statistics in the UK 1987 to 2016.
=264  \1$bDepartment for Environment, Food and Rural Affairs,$c2017.
=300  \\$a1 online resource.
=336  \\$atext$2rdacontent
=337  \\$acomputer$2rdamedia
=338  \\$aonline resource$2rdacarrier
=500  \\$aSTATISTICAL RELEASE: 27 April 2017
=859  \\$aELD$bebook
=852  \\$aBritish Library$bHMNTS$cDRT$jELD.DS.180848
=CAT  \\$aBATCH-EBKN$b00$c20170911$lBLL01$h0230
=CAT  \\$aEBKS-FXD$c20170911$lBLL01$h0244
=CAT  \\$aBATCH$b00$c20170911$lBLL01$h0247
=CAT  \\$a10983$b40$c20180510$lBLL01$h1217
=CAT  \\$aW1810-2163$c20190208$lBLL01$h2037
=DRT  \\$aLD-ebooks
=SRC  \\$aSubmission Portal
=STA  \\$aSUPPRESSED$bRebatched as Serial
=LAS  \\$aW1810-2163$b00$c20190208$lBLL01$h2037

