=LDR  00999 am a22003255i 4500
=001  018516643
=003  Uk
=005  20190208203830.0
=006  m\\\\||\\d\|\\\\\\
=007  cr\|||||||||||
=008  170918s2017\\\\xxk|||||o\\\\||||\||eng\\
=FMT  \\$a  BK
=040  \\$aUk$beng$cUk
=245  00$aA Guide to Criminal Justice Statistics.
=264  \1$bMinistry of Justice,$c[2017].
=300  \\$a1 online resource.
=336  \\$atext$2rdacontent
=337  \\$acomputer$2rdamedia
=338  \\$aonline resource$2rdacarrier
=859  \\$aELD$bebook
=852  \\$aBritish Library$bHMNTS$cDRT$jELD.DS.188958
=CAT  \\$aBATCH-EBKN$b00$c20170918$lBLL01$h0201
=CAT  \\$aEBKS-FXD$c20170918$lBLL01$h0208
=CAT  \\$aBATCH$b00$c20170918$lBLL01$h0208
=CAT  \\$a10902$b40$c20181017$lBLL01$h0825
=CAT  \\$aW1810-2163$c20190208$lBLL01$h2038
=DRT  \\$aLD-ebooks
=SRC  \\$aSubmission Portal
=STA  \\$aSUPPRESSED$bRebatched as Serial
=LAS  \\$aW1810-2163$b00$c20190208$lBLL01$h2038

