=LDR  01029 am a22003255i 4500
=001  018530292
=003  Uk
=005  20190208203930.0
=006  m\\\\||\\d\|\\\\\\
=007  cr\|||||||||||
=008  170924s2017\\\\xxk|||||o\\\\||||\||eng\\
=FMT  \\$a  BK
=040  \\$aUk$beng$cUk
=245  00$aDH Group Accounting Manual 2016-17 :$bAdditional Guidance v4.
=264  \1$aLeeds :$bDepartment of Health,$c2017.
=300  \\$a1 online resource.
=336  \\$atext$2rdacontent
=337  \\$acomputer$2rdamedia
=338  \\$aonline resource$2rdacarrier
=859  \\$aELD$bebook
=852  \\$aBritish Library$bHMNTS$cDRT$jELD.DS.197125
=CAT  \\$aBATCH-EBKN$b00$c20170924$lBLL01$h0231
=CAT  \\$aEBKS-FXD$c20170924$lBLL01$h0240
=CAT  \\$aBATCH$b00$c20170924$lBLL01$h0243
=CAT  \\$a14586$b40$c20180510$lBLL01$h1223
=CAT  \\$aW1810-2163$c20190208$lBLL01$h2039
=DRT  \\$aLD-ebooks
=SRC  \\$aSubmission Portal
=STA  \\$aSUPPRESSED$bRebatched as Serial
=LAS  \\$aW1810-2163$b00$c20190208$lBLL01$h2039

