=LDR  02010 am a2200541 i 4500
=001  018548854
=003  Uk
=005  20180622143424.0
=006  m\\\\||\\d\|\\\\\\
=007  cr\|||||||||||
=008  161125s2017\\\\xxua\\\\ob\\\\001\0\eng\\
=FMT  \\$a  BK
=015  \\$aGBB844134$2bnb
=020  \\$a9780323482424$qEPUB
=020  \\$a0323482422$qEPUB
=020  \\$z9780323401258$qhardback
=037  \\$a9780323481823$bIngram Content Group
=040  \\$aUk$beng$cUk$erda
=042  \\$aukblsr
=082  00$a616.1207543$223
=245  10$aThe practice of clinical echocardiography /$c[edited by] Catherine M. Otto.
=250  \\$a5th edition.
=264  \1$aPhiladelphia, Pennsylvania :$bElsevier,$c[2017].
=300  \\$a1 online resource :$billustrations (colour, and black and white).
=336  \\$atext$2rdacontent
=337  \\$acomputer$2rdamedia
=338  \\$aonline resource$2rdacarrier
=504  \\$aIncludes bibliographiocal references and index.
=650  \0$aEchocardiography.
=700  1\$aOtto, Catherine M.,$eeditor.
=859  \\$aELD$bebook
=852  \\$aBritish Library$bHMNTS$cDRT$jELD.DS.202904$qImperfect: incorrect title sent.
=985  \\$aRequest publisher to send in Textbook of clinical echocardiography, 6th ed. 9780323481823. Suppressed this record as already epub record for The practice of clinical echocardiography, 5th ed.
=CAT  \\$aBATCH-EBKN$b00$c20171008$lBLL01$h0204
=CAT  \\$aBATCH-UPD$b00$c20171008$lBLL01$h0204
=CAT  \\$aEBKS-FXD$c20171008$lBLL01$h0208
=CAT  \\$aBATCH$b00$c20171008$lBLL01$h0208
=CAT  \\$aBATCH-UPEB$b00$c20180305$lBLL01$h1700
=CAT  \\$aBATCH-UPD$b00$c20180305$lBLL01$h1702
=CAT  \\$a11279$b40$c20180621$lBLL01$h1152
=CAT  \\$a11279$b40$c20180622$lBLL01$h1434
=FIN  \\$aY$d20180305
=DRT  \\$aLD-ebooks
=SRC  \\$aIngrams
=STA  \\$aSUPPRESSED$bE-content not adequate for display
=ONS  \7$aMED$x010000$2bisacsh
=ONX  \\$aUS
=LAS  \\$a11279$b40$c20180622$lBLL01$h1434

