=LDR  01157 am a22003375i 4500
=001  018548977
=003  Uk
=005  20190208204026.0
=006  m\\\\||\\d\|\\\\\\
=007  cr\|||||||||||
=008  171009s2014\\\\xxk|||||o\\\\||||\||eng\\
=FMT  \\$a  BK
=040  \\$aUk$beng$cUk
=245  00$aImproving quality of work and employment in the hairdressing sector :$bScenarios for social partner cooperation.
=264  \1$aDublin :$bEurofound,$c2014.
=300  \\$a1 online resource.
=336  \\$atext$2rdacontent
=337  \\$acomputer$2rdamedia
=338  \\$aonline resource$2rdacarrier
=720  0\$aBroughton, Andrea; IES; Reijenga, Femke
=859  \\$aELD$bebook
=852  \\$aBritish Library$bHMNTS$cDRT$jELD.DS.203056
=CAT  \\$aBATCH-EBKN$b00$c20171009$lBLL01$h0203
=CAT  \\$aEBKS-FXD$c20171009$lBLL01$h0214
=CAT  \\$aBATCH$b00$c20171009$lBLL01$h0215
=CAT  \\$a11279$b40$c20171103$lBLL01$h1313
=CAT  \\$aW1810-2163$c20190208$lBLL01$h2040
=DRT  \\$aLD-ebooks
=SRC  \\$aSubmission Portal
=STA  \\$aSUPPRESSED$bNot required for NPLD: non-UK place of publication
=LAS  \\$aW1810-2163$b00$c20190208$lBLL01$h2040

