=LDR  01067 am a22003255i 4500
=001  018552340
=003  Uk
=005  20190208204029.0
=006  m\\\\||\\d\|\\\\\\
=007  cr\|||||||||||
=008  171012s2014\\\\xxk|||||o\\\\||||\||eng\\
=FMT  \\$a  BK
=040  \\$aUk$beng$cUk
=245  00$aImpact of the crisis on industrial relations and working conditions in Europe.
=264  \1$aDublin :$bEurofound,$c2014.
=300  \\$a1 online resource.
=336  \\$atext$2rdacontent
=337  \\$acomputer$2rdamedia
=338  \\$aonline resource$2rdacarrier
=859  \\$aELD$bebook
=852  \\$aBritish Library$bHMNTS$cDRT$jELD.DS.203309
=CAT  \\$aBATCH-EBKN$b00$c20171012$lBLL01$h0201
=CAT  \\$aEBKS-FXD$c20171012$lBLL01$h0209
=CAT  \\$aBATCH$b00$c20171012$lBLL01$h0209
=CAT  \\$a11279$b40$c20171103$lBLL01$h1312
=CAT  \\$aW1810-2163$c20190208$lBLL01$h2040
=DRT  \\$aLD-ebooks
=SRC  \\$aSubmission Portal
=STA  \\$aSUPPRESSED$bNot required for NPLD: non-UK place of publication
=LAS  \\$aW1810-2163$b00$c20190208$lBLL01$h2040

