=LDR  01117 am a22003615i 4500
=001  018552365
=003  Uk
=005  20190208204030.0
=006  m\\\\||\\d\|\\\\\\
=007  cr\|||||||||||
=008  171012s2017\\\\xxk|||||o\\\\||||\||eng\\
=FMT  \\$a  BK
=020  \\$a9781912194247
=040  \\$aUk$beng$cUk
=245  00$aThe Corpse in the Snowman.
=264  \1$aLondon :$bIpso Books,$c2017.
=300  \\$a1 online resource.
=336  \\$atext$2rdacontent
=337  \\$acomputer$2rdamedia
=338  \\$aonline resource$2rdacarrier
=720  0\$aNicholas Blake
=859  \\$aELD$bebook
=852  \\$aBritish Library$bHMNTS$cDRT$jELD.DS.203334
=CAT  \\$aBATCH-EBKN$b00$c20171012$lBLL01$h0201
=CAT  \\$aEBKS-FXD$c20171012$lBLL01$h0209
=CAT  \\$aBATCH$b00$c20171012$lBLL01$h0209
=CAT  \\$a11279$b40$c20171017$lBLL01$h1605
=CAT  \\$a11279$b40$c20171101$lBLL01$h1616
=CAT  \\$aW1810-2163$c20190208$lBLL01$h2040
=DRT  \\$aLD-ebooks
=SRC  \\$aSubmission Portal
=STA  \\$aSUPPRESSED$bTake down request from publisher 19/10/17
=LAS  \\$aW1810-2163$b00$c20190208$lBLL01$h2040

