=LDR  01158 am a22003495i 4500
=001  018552417
=003  Uk
=005  20190208204031.0
=006  m\\\\||\\d\|\\\\\\
=007  cr\|||||||||||
=008  171012s2016\\\\xxk|||||o\\\\||||\||eng\\
=FMT  \\$a  BK
=020  \\$a9789289715515
=040  \\$aUk$beng$cUk
=245  00$aThe gender employment gap :$bChallenges and solutions.
=264  \1$aLuxembourg :$bEurofound,$c2016.
=300  \\$a1 online resource.
=336  \\$atext$2rdacontent
=337  \\$acomputer$2rdamedia
=338  \\$aonline resource$2rdacarrier
=720  0\$aMascherini, Massimiliano; Bisello, Martina; Leston, Irene Rioboo
=859  \\$aELD$bebook
=852  \\$aBritish Library$bHMNTS$cDRT$jELD.DS.203386
=CAT  \\$aBATCH-EBKN$b00$c20171012$lBLL01$h0201
=CAT  \\$aEBKS-FXD$c20171012$lBLL01$h0209
=CAT  \\$aBATCH$b00$c20171012$lBLL01$h0209
=CAT  \\$a11279$b40$c20171103$lBLL01$h1312
=CAT  \\$aW1810-2163$c20190208$lBLL01$h2040
=DRT  \\$aLD-ebooks
=SRC  \\$aSubmission Portal
=STA  \\$aSUPPRESSED$bNot required for NPLD: non-UK place of publication
=LAS  \\$aW1810-2163$b00$c20190208$lBLL01$h2040

