=LDR  01044 am a22003255i 4500
=001  018554520
=003  Uk
=005  20190208204040.0
=006  m\\\\||\\d\|\\\\\\
=007  cr\|||||||||||
=008  171016s2015\\\\xxk|||||o\\\\||||\||eng\\
=FMT  \\$a  BK
=040  \\$aUk$beng$cUk
=245  00$aEquality & Diversity Monitoring :$b1 October 2013 - 30 September 2014Annex A.
=264  \1$aUK :$bDepartment of Health,$c2015.
=300  \\$a1 online resource.
=336  \\$atext$2rdacontent
=337  \\$acomputer$2rdamedia
=338  \\$aonline resource$2rdacarrier
=859  \\$aELD$bebook
=852  \\$aBritish Library$bHMNTS$cDRT$jELD.DS.204455
=CAT  \\$aBATCH-EBKN$b00$c20171016$lBLL01$h0224
=CAT  \\$aEBKS-FXD$c20171016$lBLL01$h0228
=CAT  \\$aBATCH$b00$c20171016$lBLL01$h0229
=CAT  \\$a10983$b40$c20180510$lBLL01$h1157
=CAT  \\$aW1810-2163$c20190208$lBLL01$h2040
=DRT  \\$aLD-ebooks
=SRC  \\$aSubmission Portal
=STA  \\$aSUPPRESSED$bRebatched as Serial
=LAS  \\$aW1810-2163$b00$c20190208$lBLL01$h2040

