=LDR  02132 am a2200553 i 4500
=001  018560953
=003  Uk
=005  20210614155538.0
=006  m\\\\||\\d\|\\\\\\
=007  cr\|||||||||||
=008  171018s2016\\\\enka\\\\o\\\\|0|0\0|eng\\
=FMT  \\$a  BK
=015  \\$aGBC011342$2bnb
=020  \\$a9781786553218
=040  \\$aUk$beng$cUk$erda
=042  \\$aukblsr
=082  04$a363.232$223
=245  00$aOperation of police powers under the Terrorism Act 2000 and subsequent legislation :$bArrests, outcomes, and stop and search, Great Britain, quarterly update to September 2016.
=264  \1$aLondon :$bHome Office,$cDecember 2016.
=300  \\$a1 online resource (23 pages) :$billustrations (colour).
=336  \\$atext$2rdacontent
=337  \\$acomputer$2rdamedia
=338  \\$aonline resource$2rdacarrier
=490  1\$aStatistical bulletin,$x1759-7005 ;$v16/16
=500  \\$aAt head of cover page: National Statistics.
=650  \7$aArrest (Police methods)$2fast$0(OCoLC)fst00815075
=650  \7$aSearches and seizures.$2fast$0(OCoLC)fst01110379
=650  \7$aPolice power.$2fast$0(OCoLC)fst01068645
=650  \7$aTerrorism$xPrevention.$2fast$0(OCoLC)fst01148123
=650  \7$aStatistics.$2fast$0(OCoLC)fst01132103
=651  \7$aGreat Britain.$2fast$0(OCoLC)fst01204623
=690  7\$aSocial Welfare$2blcoll
=710  1\$aGreat Britain.$bHome Office,$epublisher.
=830  \0$aHome Office statistical bulletin ;$v16/16.
=859  \\$aELD$bebook
=852  \\$aBritish Library$bHMNTS$cDRT$jELD.DS.206043
=985  \\$aPROCESS FUTURE ISSUES OF THIS TITLE AS A SERIAL ON 015646278.
=CAT  \\$aBATCH-EBKN$b00$c20171018$lBLL01$h1634
=CAT  \\$aEBKS-FXD$c20171018$lBLL01$h1649
=CAT  \\$aBATCH$b00$c20171018$lBLL01$h1652
=CAT  \\$a3072$b40$c20171019$lBLL01$h1339
=CAT  \\$aW1810-2163$c20190208$lBLL01$h2041
=CAT  \\$a8141$b40$c20200128$lBLL01$h0935
=CAT  \\$a15190$b40$c20210614$lBLL01$h1555
=FIN  \\$aY$d20190128
=DRT  \\$aLD-ebooks
=SRC  \\$aSubmission Portal
=STA  \\$aSUPPRESSED$bRebatched as Serial
=LAS  \\$a15190$b40$c20210614$lBLL01$h1555

