=LDR  01067 am a22003255i 4500
=001  018561847
=003  Uk
=005  20190208204113.0
=006  m\\\\||\\d\|\\\\\\
=007  cr\|||||||||||
=008  171019s2015\\\\xxk|||||o\\\\||||\||eng\\
=FMT  \\$a  BK
=040  \\$aUk$beng$cUk
=245  00$aDepartment of Health Equality Information and Equality Analysis 2015 :$bThe Department as an Employer.
=264  \1$aUK :$bDepartment of Health,$c2015.
=300  \\$a1 online resource.
=336  \\$atext$2rdacontent
=337  \\$acomputer$2rdamedia
=338  \\$aonline resource$2rdacarrier
=859  \\$aELD$bebook
=852  \\$aBritish Library$bHMNTS$cDRT$jELD.DS.206723
=CAT  \\$aBATCH-EBKN$b00$c20171019$lBLL01$h0222
=CAT  \\$aEBKS-FXD$c20171019$lBLL01$h0228
=CAT  \\$aBATCH$b00$c20171019$lBLL01$h0229
=CAT  \\$a10902$b40$c20180306$lBLL01$h1121
=CAT  \\$aW1810-2163$c20190208$lBLL01$h2041
=DRT  \\$aLD-ebooks
=SRC  \\$aSubmission Portal
=STA  \\$aSUPPRESSED$bRebatched as Serial
=LAS  \\$aW1810-2163$b00$c20190208$lBLL01$h2041

