=LDR  01558 am a22003975i 4500
=001  018565502
=003  Uk
=005  20190130151918.0
=006  m\\\\||\\d\|\\\\\\
=007  cr\|||||||||||
=008  171012s2012\\\\nik|||||o||||f||||||eng|d
=FMT  \\$a  BK
=037  \\$aNIOPA_5214$bQueen's University Belfast$nNorthern Ireland Official Publications Repository
=040  \\$aNiBfQU$beng$cNiBfQU$dUk
=110  2\$aLaw Society of Northern Ireland,$eauthor.
=245  10$aIn The High Court of Justice in Northern Ireland :$bProtocol for Clinical Negligence Litigation.
=264  \1$aNorthern Ireland :$bLaw Society of Northern Ireland,$c[2012]
=300  \\$a1 online resource.
=336  \\$atext$2rdacontent
=337  \\$acomputer$2rdamedia
=338  \\$aonline resource$2rdacarrier
=650  \7$aLaw.$2fast$0(OCoLC)fst00993678.
=651  \7$aNorthern Ireland.$2fast$0(OCoLC)fst01205215.
=884  \\$aLDL ebooks transformation to marcxml using queens_eb2marc.xsl$g20171016$kNIOPA_5214$qUk
=859  \\$aELD$bebook
=852  \\$aBritish Library$bHMNTS$cDRT$jELD.DS.207922
=CAT  \\$aBATCH-EBKN$b00$c20171021$lBLL01$h0218
=CAT  \\$aEBKS-FXD$c20171021$lBLL01$h0224
=CAT  \\$aBATCH$b00$c20171021$lBLL01$h0225
=CAT  \\$a3391$b40$c20171102$lBLL01$h1730
=CAT  \\$a8874$b40$c20180112$lBLL01$h0813
=CAT  \\$aW1810-2165$c20190130$lBLL01$h1519
=DRT  \\$aLD-ebooks
=SRC  \\$aCollection Metadata
=STA  \\$aSUPPRESSED$bPredate NPLD so should not have been sent to the BL.
=LAS  \\$aW1810-2165$b00$c20190130$lBLL01$h1519

