=LDR  01098 am a22003495i 4500
=001  018565846
=003  Uk
=005  20190208204121.0
=006  m\\\\||\\d\|\\\\\\
=007  cr\|||||||||||
=008  171022s2017\\\\xxk|||||o\\\\||||\||eng\\
=FMT  \\$a  BK
=040  \\$aUk$beng$cUk
=245  00$aA Guide to Criminal Justice Statistics.
=264  \1$aUK :$bMinistry of Justice,$c2017.
=300  \\$a1 online resource.
=336  \\$atext$2rdacontent
=337  \\$acomputer$2rdamedia
=338  \\$aonline resource$2rdacarrier
=500  \\$aLast updated 17th August 2017
=859  \\$aELD$bebook
=852  \\$aBritish Library$bHMNTS$cDRT$jELD.DS.208263
=CAT  \\$aBATCH-EBKN$b00$c20171022$lBLL01$h0201
=CAT  \\$aEBKS-FXD$c20171022$lBLL01$h0209
=CAT  \\$aBATCH$b00$c20171022$lBLL01$h0210
=CAT  \\$a10902$b40$c20181017$lBLL01$h0822
=CAT  \\$a10902$b40$c20181017$lBLL01$h0823
=CAT  \\$aW1810-2163$c20190208$lBLL01$h2041
=DRT  \\$aLD-ebooks
=SRC  \\$aSubmission Portal
=STA  \\$aSUPPRESSED$bRebatched as Serial
=LAS  \\$aW1810-2163$b00$c20190208$lBLL01$h2041

