=LDR  01132 am a22003495i 4500
=001  018566323
=003  Uk
=005  20210408104743.0
=006  m\\\\||\\d\|\\\\\\
=007  cr\|||||||||||
=008  171023s2017\\\\xxk|||||o\\\\||||\||eng\\
=FMT  \\$a  BK
=020  \\$a9781786555724
=040  \\$aUk$beng$cUk
=245  00$aDetailed analysis of fires attended by fire and rescue services, England, April 2016 to March 2017.
=264  \1$bHome Office,$c2017.
=300  \\$a1 online resource.
=336  \\$atext$2rdacontent
=337  \\$acomputer$2rdamedia
=338  \\$aonline resource$2rdacarrier
=500  \\$aStatistical Bulletin 16/17ISSN: 1759-7005
=859  \\$aELD$bebook
=852  \\$aBritish Library$bHMNTS$cDRT$jELD.DS.208431
=CAT  \\$aBATCH-EBKN$b00$c20171023$lBLL01$h0217
=CAT  \\$aEBKS-FXD$c20171023$lBLL01$h0224
=CAT  \\$aBATCH$b00$c20171023$lBLL01$h0225
=CAT  \\$aW1810-2163$c20190208$lBLL01$h2041
=CAT  \\$a14412$b40$c20210408$lBLL01$h1047
=DRT  \\$aLD-ebooks
=SRC  \\$aSubmission Portal
=STA  \\$aSUPPRESSED$bRebatched as Serial
=LAS  \\$a14412$b40$c20210408$lBLL01$h1047

