=LDR  01195 am a22003375i 4500
=001  018566357
=003  Uk
=005  20190501133757.0
=006  m\\\\||\\d\|\\\\\\
=007  cr\|||||||||||
=008  171023s2017\\\\xxk|||||o\\\\||||\||eng\\
=FMT  \\$a  BK
=040  \\$aUk$beng$cUk
=245  00$aEffects of tax-benefit policy changes across the income distributions of the EU-28 countries :$b2015-2016.
=264  \1$a[Colchester] :$bInstitute for Social and Economic Research (iSER), University of Essex,$c2017.
=300  \\$a1 online resource.
=336  \\$atext$2rdacontent
=337  \\$acomputer$2rdamedia
=338  \\$aonline resource$2rdacarrier
=500  \\$aEUROMOD Working Paper Series No. EM 10/17 | May 2017
=859  \\$aELD$bebook
=852  \\$aBritish Library$bHMNTS$cDRT$jELD.DS.208465
=CAT  \\$aBATCH-EBKN$b00$c20171023$lBLL01$h0217
=CAT  \\$aEBKS-FXD$c20171023$lBLL01$h0224
=CAT  \\$aBATCH$b00$c20171023$lBLL01$h0225
=CAT  \\$aW1810-2163$c20190208$lBLL01$h2041
=CAT  \\$a11450$b40$c20190501$lBLL01$h1337
=DRT  \\$aLD-ebooks
=SRC  \\$aSubmission Portal
=STA  \\$aSUPPRESSED$bRebatched as Serial
=LAS  \\$a11450$b40$c20190501$lBLL01$h1337

