=LDR  01607 am a22004335i 4500
=001  018572274
=003  Uk
=005  20190130151920.0
=006  m\\\\||\\d\|\\\\\\
=007  cr\|||||||||||
=008  171012s2016\\\\nik|||||o||||f||||||eng|d
=FMT  \\$a  BK
=037  \\$aNIOPA_5473$bQueen's University Belfast$nNorthern Ireland Official Publications Repository
=040  \\$aNiBfQU$beng$cNiBfQU$dUk
=110  1\$aNorthern Ireland.$bUtility Regulator,$eauthor.
=245  10$aChanges to Connection Characteristics.
=250  \\$aVersion 3.0.
=264  \1$aNorthern Ireland :$b[Utility Regulator],$c2016.
=300  \\$a1 online resource.
=336  \\$atext$2rdacontent
=337  \\$acomputer$2rdamedia
=338  \\$aonline resource$2rdacarrier
=490  0\$aRetail Market Procedure ;$vNI 8
=650  \7$aElectric utilities.$2fast$0(OCoLC)fst00905974.
=651  \7$aNorthern Ireland.$2fast$0(OCoLC)fst01205215.
=884  \\$aLDL ebooks transformation to marcxml using queens_eb2marc.xsl$g20171016$kNIOPA_5473$qUk
=859  \\$aELD$bebook
=852  \\$aBritish Library$bHMNTS$cDRT$jELD.DS.208940
=CAT  \\$aBATCH-EBKN$b00$c20171028$lBLL01$h0216
=CAT  \\$aEBKS-FXD$c20171028$lBLL01$h0221
=CAT  \\$aBATCH$b00$c20171028$lBLL01$h0222
=CAT  \\$a3391$b40$c20171102$lBLL01$h1324
=CAT  \\$a3391$b40$c20171102$lBLL01$h1325
=CAT  \\$a8874$b40$c20180112$lBLL01$h0812
=CAT  \\$aW1810-2165$c20190130$lBLL01$h1519
=DRT  \\$aLD-ebooks
=SRC  \\$aCollection Metadata
=STA  \\$aSUPPRESSED$bWrong digital item attached
=LAS  \\$aW1810-2165$b00$c20190130$lBLL01$h1519

