=LDR  01704 am a22004455i 4500
=001  018572321
=003  Uk
=005  20190130151920.0
=006  m\\\\||\\d\|\\\\\\
=007  cr\|||||||||||
=008  171012s2011\\\\nik|||||o||||f||||||eng|d
=FMT  \\$a  BK
=037  \\$aNIOPA_5656$bQueen's University Belfast$nNorthern Ireland Official Publications Repository
=040  \\$aNiBfQU$beng$cNiBfQU$dUk
=110  2\$aMiddletown Centre for Autism (Middletown, Northern Ireland),$eauthor.
=245  10$aTransition.
=264  \1$aNorthern Ireland :$bMiddletown Centre for Autism,$c2011.
=300  \\$a1 online resource.
=336  \\$atext$2rdacontent
=337  \\$acomputer$2rdamedia
=338  \\$aonline resource$2rdacarrier
=490  0\$aResearch Bulletin ;$vIssue No. 1
=650  \7$aSpecial education.$2fast$0(OCoLC)fst01128842.
=651  \7$aNorthern Ireland.$2fast$0(OCoLC)fst01205215.
=884  \\$aLDL ebooks transformation to marcxml using queens_eb2marc.xsl$g20171016$kNIOPA_5656$qUk
=859  \\$aELD$bebook
=852  \\$aBritish Library$bHMNTS$cDRT$jELD.DS.208987
=CAT  \\$aBATCH-EBKN$b00$c20171028$lBLL01$h0216
=CAT  \\$aEBKS-FXD$c20171028$lBLL01$h0221
=CAT  \\$aBATCH$b00$c20171028$lBLL01$h0222
=CAT  \\$a3391$b40$c20171101$lBLL01$h1826
=CAT  \\$a7907$b40$c20171106$lBLL01$h1024
=CAT  \\$a7907$b40$c20171106$lBLL01$h1029
=CAT  \\$a5100$b40$c20171108$lBLL01$h1449
=CAT  \\$a8874$b40$c20180112$lBLL01$h0813
=CAT  \\$aW1810-2165$c20190130$lBLL01$h1519
=DRT  \\$aLD-ebooks
=SRC  \\$aCollection Metadata
=STA  \\$aSUPPRESSED$bPredate NPLD so should not have been sent to the BL.
=LAS  \\$aW1810-2165$b00$c20190130$lBLL01$h1519

