=LDR  01314cam a22004095i 4500
=001  018574042
=003  Uk
=005  20220511144106.0
=006  m\\\\||\\d\|\\\\\\
=007  cr\|||||||||||
=008  171027s2012\\\\xxk||||eo\\\\||||\||eng\\
=FMT  \\$a  BK
=020  \\$a9781448164912$qEPUB
=020  \\$a1448164915$qEPUB
=037  \\$aTheRandomHouseGroup203380$bIngram Content Group
=040  \\$aUk$beng$cUk
=100  1\$aKemp, Ross$eauthor
=245  10$aRaiders (eBook Sampler) /$cRoss Kemp.
=264  \1$aLondon :$bCornerstone Digital,$c2012.
=300  \\$a1 online resource (50 pages).
=336  \\$atext$2rdacontent
=337  \\$acomputer$2rdamedia
=338  \\$aonline resource$2rdacarrier
=859  \\$aELD$bebook
=852  \\$aBritish Library$bHMNTS$cDRT$jELD.DS.209604
=CAT  \\$aBATCH-EBKN$b00$c20171031$lBLL01$h0209
=CAT  \\$aEBKS-FXD$c20171031$lBLL01$h0242
=CAT  \\$aBATCH$b00$c20171031$lBLL01$h0248
=CAT  \\$aW1810-2163$c20190208$lBLL01$h2041
=CAT  \\$a10883$b40$c20220511$lBLL01$h1441
=DRT  \\$aLD-ebooks
=SRC  \\$aIngrams
=STA  \\$aSUPPRESSED$bPromotional sample content
=ONX  \\$cDGO
=ONS  \7$aHIS$x027000$2bisacsh
=ONS  \\$a3JJH$tc 1939 to c 1945 (including WW2)$2BIC time period qualifer
=LAS  \\$a10883$b40$c20220511$lBLL01$h1441

