=LDR  01734cam a22004935i 4500
=001  018574343
=003  Uk
=005  20220516083439.0
=006  m\\\\||\\d\|\\\\\\
=007  cr\|||||||||||
=008  171027s2012\\\\xxk||||go\\\\||||\||eng\\
=FMT  \\$a  BK
=020  \\$a9781448166183$qEPUB
=020  \\$a1448166187$qEPUB
=037  \\$aTheRandomHouseGroup205079$bIngram Content Group
=040  \\$aUk$beng$cUk
=100  1\$aMacomber, Debbie,$eauthor.
=245  10$aStories for Christmas: Free heart-warming festive tasters from three bestselling authors /$cDebbie Macomber, Dilly Court, Katie Flynn.
=264  \1$aLondon :$bCornerstone Digital,$c2012.
=300  \\$a1 online resource.
=336  \\$atext$2rdacontent
=337  \\$acomputer$2rdamedia
=338  \\$aonline resource$2rdacarrier
=650  \7$aFICTION / Romance / Holiday$2bisacsh
=650  \7$aFICTION / Romance / Historical / 20th Century$2bisacsh
=650  \7$aFICTION / Romance / Collections & Anthologies$2bisacsh
=650  \7$aShort stories$2bicssc
=650  \7$aHistorical romance$2bicssc
=700  1\$aCourt, Dilly,$eauthor.
=700  1\$aFlynn, Katie,$eauthor.
=859  \\$aELD$bebook
=852  \\$aBritish Library$bHMNTS$cDRT$jELD.DS.209905
=CAT  \\$aBATCH-EBKN$b00$c20171031$lBLL01$h0210
=CAT  \\$aBATCH-UPD$b00$c20171031$lBLL01$h0210
=CAT  \\$aEBKS-FXD$c20171031$lBLL01$h0242
=CAT  \\$aBATCH$b00$c20171031$lBLL01$h0248
=CAT  \\$aW1810-2163$c20190208$lBLL01$h2041
=CAT  \\$a10883$b40$c20220516$lBLL01$h0834
=DRT  \\$aLD-ebooks
=SRC  \\$aIngrams
=STA  \\$aSUPPRESSED$bPromotional sample content
=ONX  \\$cDGO
=ONS  \7$aFIC$x008000$2bisacsh
=LAS  \\$a10883$b40$c20220516$lBLL01$h0834

