=LDR  01581cam a22004455i 4500
=001  018574587
=003  Uk
=005  20220516083524.0
=006  m\\\\||\\d\|\\\\\\
=007  cr\|||||||||||
=008  171027s2013\\\\xxk||||go\\\\||||\||eng\\
=FMT  \\$a  BK
=020  \\$a9781473505391$qEPUB
=020  \\$a1473505399$qEPUB
=037  \\$aTheRandomHouseGroup214067$bIngram Content Group
=040  \\$aUk$beng$cUk
=100  1\$aFlynn, Katie,$eauthor.
=245  10$aTales for Christmas: Free festive tasters to warm your heart /$cKatie Flynn, Dilly Court, Cathy Woodman.
=264  \1$aLondon :$bCornerstone Digital,$c2013.
=300  \\$a1 online resource (128 pages).
=336  \\$atext$2rdacontent
=337  \\$acomputer$2rdamedia
=338  \\$aonline resource$2rdacarrier
=700  1\$aCourt, Dilly,$eauthor.
=700  1\$aWoodman, Cathy,$eauthor.
=859  \\$aELD$bebook
=852  \\$aBritish Library$bHMNTS$cDRT$jELD.DS.210149
=CAT  \\$aBATCH-EBKN$b00$c20171031$lBLL01$h0210
=CAT  \\$aBATCH-UPD$b00$c20171031$lBLL01$h0211
=CAT  \\$aEBKS-FXD$c20171031$lBLL01$h0242
=CAT  \\$aBATCH$b00$c20171031$lBLL01$h0248
=CAT  \\$aW1810-2163$c20190208$lBLL01$h2041
=CAT  \\$a10883$b40$c20220516$lBLL01$h0835
=DRT  \\$aLD-ebooks
=SRC  \\$aIngrams
=STA  \\$aSUPPRESSED$bPromotional sample content
=ONX  \\$cDGO
=ONS  \7$aFIC$x000000$2bisacsh
=ONS  \\$tFree; chapter samples; ebook; taster; nostalgia; romance; christmas; katie flynn; dilly court; cathy woodman$2Subject Keywords
=LAS  \\$a10883$b40$c20220516$lBLL01$h0835

