=LDR  01050 am a22003255i 4500
=001  018588119
=003  Uk
=005  20190208204232.0
=006  m\\\\||\\d\|\\\\\\
=007  cr\|||||||||||
=008  171107s2017\\\\xxk|||||o\\\\||||\||eng\\
=FMT  \\$a  BK
=040  \\$aUk$beng$cUk
=245  00$aGuide to language interpreter and translation services in courts :$band tribunals.
=264  \1$aLondon :$bMinistry of Justice,$c2017.
=300  \\$a1 online resource.
=336  \\$atext$2rdacontent
=337  \\$acomputer$2rdamedia
=338  \\$aonline resource$2rdacarrier
=859  \\$aELD$bebook
=852  \\$aBritish Library$bHMNTS$cDRT$jELD.DS.216128
=CAT  \\$aBATCH-EBKN$b00$c20171107$lBLL01$h0214
=CAT  \\$aEBKS-FXD$c20171107$lBLL01$h0221
=CAT  \\$aBATCH$b00$c20171107$lBLL01$h0223
=CAT  \\$a10983$b40$c20180510$lBLL01$h1150
=CAT  \\$aW1810-2163$c20190208$lBLL01$h2042
=DRT  \\$aLD-ebooks
=SRC  \\$aSubmission Portal
=STA  \\$aSUPPRESSED$bRebatched as Serial
=LAS  \\$aW1810-2163$b00$c20190208$lBLL01$h2042

