=LDR  01304 am a22003495i 4500
=001  018610304
=003  Uk
=005  20190827160858.0
=006  m\\\\||\\d\|\\\\\\
=007  cr\|||||||||||
=008  171115s2015\\\\xxk|||||o\\\\||||\||eng\\
=FMT  \\$a  BK
=040  \\$aUk$beng$cUk
=245  00$aThe NHS Bursary Scheme :$bFourth Edition - for students who started their courses on or after 1 September 2012.
=250  \\$a1
=264  \1$aLeeds :$bDepartment of Health,$c2015.
=300  \\$a1 online resource.
=336  \\$atext$2rdacontent
=337  \\$acomputer$2rdamedia
=338  \\$aonline resource$2rdacarrier
=500  \\$aNOTE: STUDENTS WHO STARTED THEIR COURSE BEFORE 1 SEPTEMBER2012 SHOULD CONSULT THE NHS BURSARY SCHEME OLD RULESFOURTH EDITION RULES ARE FOR THE ACADEMIC YEARFROM 1 SEPTEMBER 2015 TO 31 AUGUST 2016
=859  \\$aELD$bebook
=852  \\$aBritish Library$bHMNTS$cDRT$jELD.DS.227213
=CAT  \\$aBATCH-EBKN$b00$c20171115$lBLL01$h0219
=CAT  \\$aEBKS-FXD$c20171115$lBLL01$h0225
=CAT  \\$aBATCH$b00$c20171115$lBLL01$h0226
=CAT  \\$aW1810-2163$c20190208$lBLL01$h2042
=CAT  \\$a15005$b40$c20190827$lBLL01$h1608
=DRT  \\$aLD-ebooks
=SRC  \\$aSubmission Portal
=STA  \\$aSUPPRESSED$bRebatched as Serial
=LAS  \\$a15005$b40$c20190827$lBLL01$h1608

