=LDR  01074 am a22003495i 4500
=001  018610958
=003  Uk
=005  20210224141327.0
=006  m\\\\||\\d\|\\\\\\
=007  cr\|||||||||||
=008  171116s2015\\\\xxk|||||o\\\\||||\||eng\\
=FMT  \\$a  BK
=020  \\$a9781909586970
=040  \\$aUk$beng$cUk
=245  00$aA minimum income standard for the UK in 2015.
=264  \1$aYork :$bJoseph Rowntree Foundation,$c2015.
=300  \\$a1 online resource.
=336  \\$atext$2rdacontent
=337  \\$acomputer$2rdamedia
=338  \\$aonline resource$2rdacarrier
=720  0\$aHirsch, Donald
=859  \\$aELD$bebook
=852  \\$aBritish Library$bHMNTS$cDRT$jELD.DS.227486
=CAT  \\$aBATCH-EBKN$b00$c20171116$lBLL01$h0219
=CAT  \\$aEBKS-FXD$c20171116$lBLL01$h0225
=CAT  \\$aBATCH$b00$c20171116$lBLL01$h0226
=CAT  \\$aW1810-2163$c20190208$lBLL01$h2042
=CAT  \\$a15020$b40$c20210224$lBLL01$h1413
=DRT  \\$aLD-ebooks
=SRC  \\$aSubmission Portal
=STA  \\$aSUPPRESSED$bRebatched as Serial
=LAS  \\$a15020$b40$c20210224$lBLL01$h1413

