=LDR  01627 am a22004335i 4500
=001  018611615
=003  Uk
=005  20200901094020.0
=006  m\\\\||\\d\|\\\\\\
=007  cr\|||||||||||
=008  171114s2018\\\\|||||||fo\\\\||||\||eng\\
=FMT  \\$a  BK
=037  \\$a9780323552899$bIngram Content Group
=040  \\$aUk$beng$cUk
=100  1\$aO, Teresa$eauthor$uOtolaryngologist, Vascular Birthmark Institute of New York at Lenox Hill; Otolaryngologist, Manhattan Eye Ear and Throat Hospital, New York New York
=245  10$aCongenital Vascular Lesions of the Head and Neck, An Issue of Otolaryngologic Clinics of North America, E-Book /$cTeresa O, Milton Waner.
=264  \1$bElsevier,$c2018.
=300  \\$a1 online resource.
=336  \\$atext$2rdacontent
=337  \\$acomputer$2rdamedia
=338  \\$aonline resource$2rdacarrier
=490  1\$aThe Clinics: Surgery$vVolume 51-1
=700  1\$aWaner, Milton,$eauthor.
=859  \\$aELD$bebook
=852  \\$aBritish Library$bHMNTS$cDRT$jELD.DS.227633$qImperfect: incorrect title sent.
=CAT  \\$aBATCH-EBKN$b00$c20171117$lBLL01$h0208
=CAT  \\$aBATCH-UPD$b00$c20171117$lBLL01$h0209
=CAT  \\$aEBKS-FXD$c20171117$lBLL01$h0214
=CAT  \\$aBATCH$b00$c20171117$lBLL01$h0214
=CAT  \\$aW1810-2163$c20190208$lBLL01$h2042
=CAT  \\$a11279$b40$c20200901$lBLL01$h0940
=DRT  \\$aLD-ebooks
=SRC  \\$aIngrams
=STA  \\$aSUPPRESSED$bE-content not adequate for display
=ONX  \\$aUS
=ONS  \7$aMED$x066000$2bisacsh
=ONS  \7$aMED$b081000$2bisacsh
=ONS  \7$aMED$b085050$2bisacsh
=LAS  \\$a11279$b40$c20200901$lBLL01$h0940

