=LDR  01140 am a22003375i 4500
=001  018614835
=003  Uk
=005  20210420113210.0
=006  m\\\\||\\d\|\\\\\\
=007  cr\|||||||||||
=008  171121s2017\\\\xxk|||||o\\\\||||\||eng\\
=FMT  \\$a  BK
=040  \\$aUk$beng$cUk
=245  00$aNational Living Wage and National Minimum wage :$bGovernment evidence to the Low Pay Commission on compliance and enforcement.
=264  \1$bDepartment for Business, Energy & Industrial Strategy,$c2017.
=300  \\$a1 online resource.
=336  \\$atext$2rdacontent
=337  \\$acomputer$2rdamedia
=338  \\$aonline resource$2rdacarrier
=500  \\$aMBS Portal
=859  \\$aELD$bebook
=852  \\$aBritish Library$bHMNTS$cDRT$jELD.DS.228056
=CAT  \\$aBATCH-EBKN$b00$c20171121$lBLL01$h0213
=CAT  \\$aEBKS-FXD$c20171121$lBLL01$h0221
=CAT  \\$aBATCH$b00$c20171121$lBLL01$h0221
=CAT  \\$aW1810-2163$c20190208$lBLL01$h2043
=CAT  \\$a15190$b40$c20210420$lBLL01$h1132
=DRT  \\$aLD-ebooks
=SRC  \\$aSubmission Portal
=STA  \\$aSUPPRESSED$bRebatched as Serial
=LAS  \\$a15190$b40$c20210420$lBLL01$h1132

