=LDR  01103 am a22003495i 4500
=001  018622084
=003  Uk
=005  20210224141205.0
=006  m\\\\||\\d\|\\\\\\
=007  cr\|||||||||||
=008  171126s2014\\\\xxk|||||o\\\\||||\||eng\\
=FMT  \\$a  BK
=020  \\$a9781909586338
=040  \\$aUk$beng$cUk
=245  00$aA MINIMUM INCOME STANDARD FOR THE UK IN 2014.
=264  \1$aYork :$bJoseph Rowntree Foundation,$c2014.
=300  \\$a1 online resource.
=336  \\$atext$2rdacontent
=337  \\$acomputer$2rdamedia
=338  \\$aonline resource$2rdacarrier
=720  0\$aDavis, Abigail; Hirsh, Donald; Padley, Matt
=859  \\$aELD$bebook
=852  \\$aBritish Library$bHMNTS$cDRT$jELD.DS.229583
=CAT  \\$aBATCH-EBKN$b00$c20171126$lBLL01$h0205
=CAT  \\$aEBKS-FXD$c20171126$lBLL01$h0219
=CAT  \\$aBATCH$b00$c20171126$lBLL01$h0222
=CAT  \\$aW1810-2163$c20190208$lBLL01$h2043
=CAT  \\$a15020$b40$c20210224$lBLL01$h1412
=DRT  \\$aLD-ebooks
=SRC  \\$aSubmission Portal
=STA  \\$aSUPPRESSED$bRebatched as Serial
=LAS  \\$a15020$b40$c20210224$lBLL01$h1412

