=LDR  01091 am a22003255i 4500
=001  018622092
=003  Uk
=005  20190327110257.0
=006  m\\\\||\\d\|\\\\\\
=007  cr\|||||||||||
=008  171126s2017\\\\xxk|||||o\\\\||||\||eng\\
=FMT  \\$a  BK
=040  \\$aUk$beng$cUk
=245  00$aFinal and Interim Proven Reoffending statistics :$bfor the Community Rehabilitation Companies and theNational Probation Service.
=264  \1$aLondon :$bMinistry of Justice,$c2017.
=300  \\$a1 online resource.
=336  \\$atext$2rdacontent
=337  \\$acomputer$2rdamedia
=338  \\$aonline resource$2rdacarrier
=859  \\$aELD$bebook
=852  \\$aBritish Library$bHMNTS$cDRT$jELD.DS.229591
=CAT  \\$aBATCH-EBKN$b00$c20171126$lBLL01$h0205
=CAT  \\$aEBKS-FXD$c20171126$lBLL01$h0219
=CAT  \\$aBATCH$b00$c20171126$lBLL01$h0222
=CAT  \\$aW1810-2163$c20190208$lBLL01$h2043
=CAT  \\$a15005$b40$c20190327$lBLL01$h1102
=DRT  \\$aLD-ebooks
=SRC  \\$aSubmission Portal
=STA  \\$aSUPPRESSED$bRebatched as serial
=LAS  \\$a15005$b40$c20190327$lBLL01$h1102

