=LDR  01103 am a22003495i 4500
=001  018640245
=003  Uk
=005  20210408103945.0
=006  m\\\\||\\d\|\\\\\\
=007  cr\|||||||||||
=008  171207s2017\\\\xxk|||||o\\\\||||\||eng\\
=FMT  \\$a  BK
=020  \\$a9781786555823
=040  \\$aUk$beng$cUk
=245  00$aFire and Rescue Incident Statistics :$bEngland, Year ending June 2017.
=264  \1$bHome Office,$c2017.
=300  \\$a1 online resource.
=336  \\$atext$2rdacontent
=337  \\$acomputer$2rdamedia
=338  \\$aonline resource$2rdacarrier
=500  \\$aStatistical Bulletin 21/17ISSN: 1759-7005
=859  \\$aELD$bebook
=852  \\$aBritish Library$bHMNTS$cDRT$jELD.DS.233399
=CAT  \\$aBATCH-EBKN$b00$c20171207$lBLL01$h0219
=CAT  \\$aEBKS-FXD$c20171207$lBLL01$h0225
=CAT  \\$aBATCH$b00$c20171207$lBLL01$h0226
=CAT  \\$aW1810-2163$c20190208$lBLL01$h2043
=CAT  \\$a14412$b40$c20210408$lBLL01$h1039
=DRT  \\$aLD-ebooks
=SRC  \\$aSubmission Portal
=STA  \\$aSUPPRESSED$bRebatched as Serial
=LAS  \\$a14412$b40$c20210408$lBLL01$h1039

