=LDR  01120 am a22003495i 4500
=001  018640246
=003  Uk
=005  20210609144644.0
=006  m\\\\||\\d\|\\\\\\
=007  cr\|||||||||||
=008  171207s2017\\\\xxk|||||o\\\\||||\||eng\\
=FMT  \\$a  BK
=020  \\$a9781786554284
=040  \\$aUk$beng$cUk
=245  00$aFire and rescue workforce and pensions statistics :$bEngland, April 2016 to March 2017.
=264  \1$bHome Office,$c2017.
=300  \\$a1 online resource.
=336  \\$atext$2rdacontent
=337  \\$acomputer$2rdamedia
=338  \\$aonline resource$2rdacarrier
=500  \\$aStatistical Bulletin 18/17ISSN: 1759-7005
=859  \\$aELD$bebook
=852  \\$aBritish Library$bHMNTS$cDRT$jELD.DS.233400
=CAT  \\$aBATCH-EBKN$b00$c20171207$lBLL01$h0219
=CAT  \\$aEBKS-FXD$c20171207$lBLL01$h0225
=CAT  \\$aBATCH$b00$c20171207$lBLL01$h0226
=CAT  \\$aW1810-2163$c20190208$lBLL01$h2043
=CAT  \\$a15190$b40$c20210609$lBLL01$h1446
=DRT  \\$aLD-ebooks
=SRC  \\$aSubmission Portal
=STA  \\$aSUPPRESSED$bRebatched as Serial
=LAS  \\$a15190$b40$c20210609$lBLL01$h1446

