=LDR  01065 am a22003375i 4500
=001  018640269
=003  Uk
=005  20190208204341.0
=006  m\\\\||\\d\|\\\\\\
=007  cr\|||||||||||
=008  171207s2017\\\\xxk|||||o\\\\||||\||eng\\
=FMT  \\$a  BK
=040  \\$aUk$beng$cUk
=245  00$aPupil absence in schools in England: autumn 2016 and spring 2017.
=264  \1$bDepartment for Education,$c2017.
=300  \\$a1 online resource.
=336  \\$atext$2rdacontent
=337  \\$acomputer$2rdamedia
=338  \\$aonline resource$2rdacarrier
=500  \\$aSW PortalSFR 55/2017
=859  \\$aELD$bebook
=852  \\$aBritish Library$bHMNTS$cDRT$jELD.DS.233423
=CAT  \\$aBATCH-EBKN$b00$c20171207$lBLL01$h0219
=CAT  \\$aEBKS-FXD$c20171207$lBLL01$h0225
=CAT  \\$aBATCH$b00$c20171207$lBLL01$h0226
=CAT  \\$a15020$b40$c20180823$lBLL01$h1417
=CAT  \\$aW1810-2163$c20190208$lBLL01$h2043
=DRT  \\$aLD-ebooks
=SRC  \\$aSubmission Portal
=STA  \\$aSUPPRESSED$bRebatched as Serial
=LAS  \\$aW1810-2163$b00$c20190208$lBLL01$h2043

