=LDR  01586 am a22004215i 4500
=001  018641093
=003  Uk
=005  20190130151922.0
=006  m\\\\||\\d\|\\\\\\
=007  cr\|||||||||||
=008  171115s2017\\\\nik|||||o||||f||||||eng|d
=FMT  \\$a  BK
=037  \\$aNIOPA_5708$bQueen's University Belfast$nNorthern Ireland Official Publications Repository
=040  \\$aNiBfQU$beng$cNiBfQU$dUk
=110  1\$aNorthern Ireland.$bPublic Prosecution Service,$eauthor.
=245  10$aMaking a Complaint about the Public Prosecution Service.
=250  \\$aRevised [edition]
=264  \1$aNorthern Ireland :$bPublic Prosecution service,$c[2017]
=300  \\$a1 online resource.
=336  \\$atext$2rdacontent
=337  \\$acomputer$2rdamedia
=338  \\$aonline resource$2rdacarrier
=500  \\$aRevised March 2017.
=650  \7$aCriminal justice, Administration of.$2fast$0(OCoLC)fst00883246.
=651  \7$aNorthern Ireland.$2fast$0(OCoLC)fst01205215.
=884  \\$aLDL ebooks transformation to marcxml using queens_eb2marc.xsl$g20171120$kNIOPA_5708$qUk
=859  \\$aELD$bebook
=852  \\$aBritish Library$bHMNTS$cDRT$jELD.DS.233642
=CAT  \\$aBATCH-EBKN$b00$c20171208$lBLL01$h0214
=CAT  \\$aEBKS-FXD$c20171208$lBLL01$h0220
=CAT  \\$aBATCH$b00$c20171208$lBLL01$h0220
=CAT  \\$a3391$b40$c20171214$lBLL01$h1336
=CAT  \\$a8874$b40$c20180112$lBLL01$h0810
=CAT  \\$aW1810-2165$c20190130$lBLL01$h1519
=DRT  \\$aLD-ebooks
=SRC  \\$aCollection Metadata
=STA  \\$aSUPPRESSED$bDuplicate
=LAS  \\$aW1810-2165$b00$c20190130$lBLL01$h1519

