=LDR  01482 am a22003855i 4500
=001  018647641
=003  Uk
=005  20190130151923.0
=006  m\\\\||\\d\|\\\\\\
=007  cr\|||||||||||
=008  171115s2017\\\\nik|||||o||||f||||||eng|d
=FMT  \\$a  BK
=037  \\$aNIOPA_5899$bQueen's University Belfast$nNorthern Ireland Official Publications Repository
=040  \\$aNiBfQU$beng$cNiBfQU$dUk
=110  1\$aNorthern Ireland.$bDepartment of Health,$eauthor.
=245  10$aNorthern Ireland Waiting Time Statistics :$bSupporting Documentation for Cancer Waiting Times Publication.
=264  \1$aNorthern Ireland :$bDepartment of Health,$c2017.
=300  \\$a1 online resource.
=336  \\$atext$2rdacontent
=337  \\$acomputer$2rdamedia
=338  \\$aonline resource$2rdacarrier
=650  \7$aMedical care.$2fast$0(OCoLC)fst01013753.
=651  \7$aNorthern Ireland.$2fast$0(OCoLC)fst01205215.
=884  \\$aLDL ebooks transformation to marcxml using queens_eb2marc.xsl$g20171120$kNIOPA_5899$qUk
=859  \\$aELD$bebook
=852  \\$aBritish Library$bHMNTS$cDRT$jELD.DS.235805
=CAT  \\$aBATCH-EBKN$b00$c20171214$lBLL01$h0213
=CAT  \\$aEBKS-FXD$c20171214$lBLL01$h0220
=CAT  \\$aBATCH$b00$c20171214$lBLL01$h0221
=CAT  \\$a8874$b40$c20180112$lBLL01$h0810
=CAT  \\$aW1810-2165$c20190130$lBLL01$h1519
=DRT  \\$aLD-ebooks
=SRC  \\$aCollection Metadata
=STA  \\$aSUPPRESSED$bDuplicate
=LAS  \\$aW1810-2165$b00$c20190130$lBLL01$h1519

