=LDR  01378 am a22003735i 4500
=001  018647643
=003  Uk
=005  20190130151923.0
=006  m\\\\||\\d\|\\\\\\
=007  cr\|||||||||||
=008  171115s2016\\\\nik|||||o||||f||||||eng|d
=FMT  \\$a  BK
=037  \\$aNIOPA_5862$bQueen's University Belfast$nNorthern Ireland Official Publications Repository
=040  \\$aNiBfQU$beng$cNiBfQU$dUk
=110  2\$aTourism Northern Ireland,$eauthor.
=245  10$aJan - June 2016 NI Tourism Performance At a Glance.
=264  \1$aNorthern Ireland :$bTourism Northern Ireland,$c[2016].
=300  \\$a1 online resource.
=336  \\$atext$2rdacontent
=337  \\$acomputer$2rdamedia
=338  \\$aonline resource$2rdacarrier
=651  \7$aNorthern Ireland.$2fast$0(OCoLC)fst01205215.
=884  \\$aLDL ebooks transformation to marcxml using queens_eb2marc.xsl$g20171120$kNIOPA_5862$qUk
=859  \\$aELD$bebook
=852  \\$aBritish Library$bHMNTS$cDRT$jELD.DS.235807
=CAT  \\$aBATCH-EBKN$b00$c20171214$lBLL01$h0213
=CAT  \\$aEBKS-FXD$c20171214$lBLL01$h0220
=CAT  \\$aBATCH$b00$c20171214$lBLL01$h0221
=CAT  \\$a8874$b40$c20180112$lBLL01$h0809
=CAT  \\$aW1810-2165$c20190130$lBLL01$h1519
=DRT  \\$aLD-ebooks
=SRC  \\$aCollection Metadata
=STA  \\$aSUPPRESSED$bShould not have been sent.
=LAS  \\$aW1810-2165$b00$c20190130$lBLL01$h1519

