=LDR  01621 am a22003975i 4500
=001  018647656
=003  Uk
=005  20190130151923.0
=006  m\\\\||\\d\|\\\\\\
=007  cr\|||||||||||
=008  171115s2016\\\\nik|||||o||||f||||||eng|d
=FMT  \\$a  BK
=037  \\$aNIOPA_5939$bQueen's University Belfast$nNorthern Ireland Official Publications Repository
=040  \\$aNiBfQU$beng$cNiBfQU$dUk
=110  1\$aNorthern Ireland.$bDepartment of Finance,$eauthor.
=245  10$aBuilding (Amendment) Regulations (Northern Ireland) 2016. Public Consultation C.4 :$bTechnical Booklet M (Physical infrastructure for high-speed electronic communication networks) Consultation Draft.
=264  \1$aNorthern Ireland :$bDepartment of Finance,$c2016.
=300  \\$a1 online resource.
=336  \\$atext$2rdacontent
=337  \\$acomputer$2rdamedia
=338  \\$aonline resource$2rdacarrier
=650  \7$aBuilding.$2fast$0(OCoLC)fst00840551.
=651  \7$aNorthern Ireland.$2fast$0(OCoLC)fst01205215.
=884  \\$aLDL ebooks transformation to marcxml using queens_eb2marc.xsl$g20171120$kNIOPA_5939$qUk
=859  \\$aELD$bebook
=852  \\$aBritish Library$bHMNTS$cDRT$jELD.DS.235820
=CAT  \\$aBATCH-EBKN$b00$c20171214$lBLL01$h0213
=CAT  \\$aEBKS-FXD$c20171214$lBLL01$h0220
=CAT  \\$aBATCH$b00$c20171214$lBLL01$h0221
=CAT  \\$a3391$b40$c20171219$lBLL01$h1115
=CAT  \\$a8874$b40$c20180112$lBLL01$h0810
=CAT  \\$aW1810-2165$c20190130$lBLL01$h1519
=DRT  \\$aLD-ebooks
=SRC  \\$aCollection Metadata
=STA  \\$aSUPPRESSED$bDuplicate
=LAS  \\$aW1810-2165$b00$c20190130$lBLL01$h1519

