=LDR  05751cam a22007691a 4500
=001  018649560
=003  Uk
=005  20180122141035.0
=006  m\\\\||\\d\|\\\\\\
=007  cr\|||||||||||
=008  100114s2009\\\\ne\a\\\\ob\\\\001\0\eng\d
=FMT  \\$a  BK
=015  \\$aGBB7O8625$2bnb
=020  \\$a9780080963549$q(electronic bk.)
=020  \\$a0080963544$q(electronic bk.)
=020  \\$z9780444534385
=020  \\$z0444534385
=037  \\$a9780080963549$bIngram Content Group
=040  \\$aOSU$beng$cOSU$dYDXCP$dN{dollar}T$dOCLCQ$dEBLCP$dCDX$dIDEBK$dE7B$dFHM$dOCLCQ$dUIU$dOCLCQ$dOCLCA$dOCLCF$dOCLCQ$dDEBSZ$dOCLCQ$dOPELS$dMYG$dOCLCQ$dOCLCA$dOCLCQ$dDEBBG$dUk$epn
=042  \\$aukblsr
=050  \4$aQA276.6$b.S3336 2009eb
=072  \7$aMAT$x029000$2bisacsh
=082  04$a519.5$222
=245  00$aSample surveys :$binference and analysis /$cedited by D. Pfeffermann, C.R. Rao.
=260  \\$aAmsterdam ;$aBoston :$bElsevier/North-Holland,$c©2009.
=300  \\$a1 online resource (xxiii, 642 pages) :$billustrations.
=336  \\$atext$2rdacontent
=337  \\$acomputer$2rdamedia
=338  \\$aonline resource$2rdacarrier
=490  1\$aHandbook of statistics,$x0169-7161 ;$vv. 29B
=504  \\$aIncludes bibliographical references (pages 559-594) and indexes.
=505  0\$aFront Cover; Title Page; Copyright Page; Preface to Handbook 29B; Table of Contents; Contributors: Vol. 29B; Part 4: Alternative Approaches to Inference from Survey Data; Introduction to Part 4; 1. Introduction; 2. Modes of inference with survey data; 3. Overview of Part 4; Chapter 23. Model-Based Prediction of Finite Population Totals; 1. Superpopulation models and some simple examples; 2. Prediction under the general linear model; 3. Estimation weights; 4. Weighted balance and robustness; 5. Variance estimation; 6. Models with qualitative auxiliaries; 7. Clustered populations.
=505  8\$a8. Estimation under nonlinear modelsChapter 24. Design- and Model-Based Inference for Model Parameters; 1. Introduction and scope; 2. Survey populations and target populations; 3. Statistical inferences; 4. General theory for fitting models; 5. Cases where design-based methods can be problematic; 6. Estimation of design-based variances; 7. Integrating data from more than one survey; 8. Some final remarks; Chapter 25. Calibration Weighting: Combining Probability Samples and Linear Prediction Models; 1. Introduction; 2. Randomization consistency and other asymptotic properties.
=505  8\$a3. The GREG estimator4. Redefining calibration weights; 5. Variance estimation; 6. Nonlinear calibration; 7. Calibration and quasi-randomization; 8. Other approaches, other issues; Acknowledgements; Chapter 26. Estimating Functions and Survey Sampling; 1. Introduction; 2. Defining finite population and superpopulation parameters through estimating functions; 3. Design-unbiased estimating functions; 4. Optimality; 5. Asymptotic properties of sample estimating functions and their roots; 6. Interval estimation from estimating functions; 7. Bootstrapping estimating functions.
=505  8\$a8. Multivariate and nuisance parameters9. Estimating functions and imputation; Acknowledgment; Chapter 27. Nonparametric and Semiparametric Estimation in Complex Surveys; 1. Introduction; 2. Nonparametric methods in descriptive inference from surveys; 3. Nonparametric methods in analytic inference from surveys; 4. Nonparametric methods in nonresponse adjustment; 5. Nonparametric methods in small area estimation; Chapter 28. Resampling Methods in Surveys; 1. Introduction; 2. The basic notions of bootstrap and jackknife; 3. Methods for more complex survey designs and estimators.
=505  8\$a4. Variance estimation in the presence of imputation5. Resampling methods for sampling designs in two phases; 6. Resampling methods in the prediction approach; 7. Resampling methods in small area estimation; 8. Discussion; Acknowledgments; Chapter 29. Bayesian Developments in Survey Sampling; 1. Introduction; 2. Notation and preliminaries; 3. The Bayesian paradigm; 4. Linear Bayes estimator; 5. Bayes estimators of the finite population mean under more complex models; 6. Stratified sampling and domain estimation; 7. Generalized linear models; 8. Summary; Acknowledgments.
=588  0\$aPrint version record.
=650  \0$aSampling (Statistics)
=650  \0$aSurveys$xStatistical methods.
=650  \0$aProbabilities.
=650  \7$aMATHEMATICS$xProbability & Statistics$xGeneral.$2bisacsh
=650  \7$aProbabilities.$2fast$0(OCoLC)fst01077737
=650  \7$aSampling (Statistics)$2fast$0(OCoLC)fst01104676
=650  \7$aSurveys$xStatistical methods.$2fast$0(OCoLC)fst01139642
=655  \4$aElectronic books.
=700  1\$aPfefferman, Daniel.
=700  1\$aRao, C. Radhakrishna$q(Calyampudi Radhakrishna),$d1920-2023.
=830  \0$aHandbook of statistics (Amsterdam, Netherlands) ;$vv. 29B.
=859  \\$aELD$bebook
=889  \\$a(OCoLC)498448459
=852  \\$aBritish Library$bHMNTS$cDRT$jELD.DS.236720$qImperfect: ebook display problem.
=BUF  1\$aN$d20171225
=CAT  \\$aBATCH-EBKN$b00$c20171217$lBLL01$h0207
=CAT  \\$aBATCH-UPD$b00$c20171217$lBLL01$h0208
=CAT  \\$aEBKS-FXD$c20171217$lBLL01$h0210
=CAT  \\$aBATCH$b00$c20171217$lBLL01$h0211
=CAT  \\$aBATCH-UPEB$b00$c20171225$lBLL01$h1700
=CAT  \\$aBATCH-UPD$b00$c20171225$lBLL01$h1711
=CAT  \\$a11279$b40$c20180122$lBLL01$h1410
=CAT  \\$aBATCH-UPD$b40$c20230901$lBLL01$h0527
=FIN  \\$aY$d20171225
=DRT  \\$aLD-ebooks
=SRC  \\$aIngrams
=STA  \\$aSUPPRESSED$bE-content not adequate for display, no replacement sent
=ONS  \7$aMAT$x029000$2bisacsh
=ONX  \\$aNL
=LAS  \\$aBATCH-UPD$b40$c20230901$lBLL01$h0527

