=LDR  01382 am a22003495i 4500
=001  018656862
=003  Uk
=005  20190709154218.0
=006  m\\\\||\\d\|\\\\\\
=007  cr\|||||||||||
=008  171222s2017\\\\xxk|||||o\\\\||||\||eng\\
=FMT  \\$a  BK
=040  \\$aUk$beng$cUk
=245  00$aLabour market outlook :$bViews from employersWinter 2016-17.
=264  \1$aLondon :$bChartered Institute of Personnel and Development,$c2017.
=300  \\$a1 online resource.
=336  \\$atext$2rdacontent
=337  \\$acomputer$2rdamedia
=338  \\$aonline resource$2rdacarrier
=500  \\$aA survey of employers that provides forward-looking labour market indicators, highlighting recruitment, redundancy and pay intentions. Also considers the impact of the National Living Wage and the effect of the decision to leave the European Union.
=720  0\$aChartered Institute of Personnel and Development
=859  \\$aELD$bebook
=852  \\$aBritish Library$bHMNTS$cDRT$jELD.DS.238763
=CAT  \\$aBATCH-EBKN$b00$c20171222$lBLL01$h0213
=CAT  \\$aEBKS-FXD$c20171222$lBLL01$h0224
=CAT  \\$aBATCH$b00$c20171222$lBLL01$h0225
=CAT  \\$aW1810-2163$c20190208$lBLL01$h2044
=CAT  \\$a14412$b40$c20190709$lBLL01$h1542
=DRT  \\$aLD-ebooks
=SRC  \\$aSubmission Portal
=STA  \\$aSUPPRESSED$bRebatched as Serial
=LAS  \\$a14412$b40$c20190709$lBLL01$h1542

