=LDR  01073 am a22003375i 4500
=001  018656919
=003  Uk
=005  20190312082039.0
=006  m\\\\||\\d\|\\\\\\
=007  cr\|||||||||||
=008  171222s2017\\\\xxk|||||o\\\\||||\||eng\\
=FMT  \\$a  BK
=020  \\$a9781912225293
=040  \\$aUk$beng$cUk
=245  00$aSovereign Grant Act 2011 :$breport of the Royal Trustees on the Sovereign Grant 2018-19.
=264  \1$aLondon :$bHM Treasury,$c2017.
=300  \\$a1 online resource.
=336  \\$atext$2rdacontent
=337  \\$acomputer$2rdamedia
=338  \\$aonline resource$2rdacarrier
=859  \\$aELD$bebook
=852  \\$aBritish Library$bHMNTS$cDRT$jELD.DS.238820
=CAT  \\$aBATCH-EBKN$b00$c20171222$lBLL01$h0214
=CAT  \\$aEBKS-FXD$c20171222$lBLL01$h0224
=CAT  \\$aBATCH$b00$c20171222$lBLL01$h0225
=CAT  \\$aW1810-2163$c20190208$lBLL01$h2044
=CAT  \\$a11450$b40$c20190312$lBLL01$h0820
=DRT  \\$aLD-ebooks
=SRC  \\$aSubmission Portal
=STA  \\$aSUPPRESSED$bRebatched as Serial
=LAS  \\$a11450$b40$c20190312$lBLL01$h0820

