=LDR  01177 am a22003615i 4500
=001  018657797
=003  Uk
=005  20190208204425.0
=006  m\\\\||\\d\|\\\\\\
=007  cr\|||||||||||
=008  171223s2017\\\\xxk|||||o\\\\||||\||eng\\
=FMT  \\$a  BK
=020  \\$a9781786041654
=040  \\$aUk$beng$cUk
=245  00$aReducing modern slavery.
=264  \1$aUK :$bNational Audit Office,$c2017.
=300  \\$a1 online resource.
=336  \\$atext$2rdacontent
=337  \\$acomputer$2rdamedia
=338  \\$aonline resource$2rdacarrier
=859  \\$aELD$bebook
=852  \\$aBritish Library$bHMNTS$cDRT$jELD.DS.239647
=CAT  \\$aBATCH-EBKN$b00$c20171223$lBLL01$h0204
=CAT  \\$aEBKS-FXD$c20171223$lBLL01$h0215
=CAT  \\$aBATCH$b00$c20171223$lBLL01$h0217
=CAT  \\$a6550$b40$c20180322$lBLL01$h1401
=CAT  \\$a6550$b40$c20180322$lBLL01$h1405
=CAT  \\$a6550$b40$c20180322$lBLL01$h1406
=CAT  \\$aW1810-2163$c20190208$lBLL01$h2044
=DRT  \\$aLD-ebooks
=SRC  \\$aSubmission Portal
=STA  \\$aSUPPRESSED$bUK Parliamentary paper - HC 630 - so was received via Dandy on Aleph #018675874
=LAS  \\$aW1810-2163$b00$c20190208$lBLL01$h2044

