=LDR  02217cam a22006135i 4500
=001  018658158
=003  Uk
=005  20220818145033.0
=006  m\\\\||\\d\|\\\\\\
=007  cr\|||||||||||
=008  171208s2016\\\\xxk||||go\\\\||||\||eng\\
=FMT  \\$a  BK
=020  \\$a9781911420064$qElectronic book (EPUB format)
=037  \\$a9781911420064$bCanelo
=040  \\$aUk$beng$cUk
=082  04$a823.912$223
=100  1\$aRobbins, Clifton,$d1890-1964,$eauthor.
=245  14$aThe Man Without a Face /$cClifton Robbins.
=264  \1$aLondon :$bAbandoned Bookshop,$c2016.
=300  \\$a1 online resource (220 pages).
=336  \\$atext$2rdacontent
=337  \\$acomputer$2rdamedia
=338  \\$aonline resource$2rdacarrier
=490  0\$aClay Harrison Crime Novel ;$v2
=650  \7$aClassic fiction (pre c 1945).$2bicssc
=650  \7$aCrime & mystery.$2bicssc
=650  \7$aFiction$xGeneral.$2bisacsh
=650  \7$aFiction$xMystery & Detective$xGeneral.$2bisacsh
=650  \7$aFiction$xMystery & Detective$xHistorical.$2bisacsh
=650  \7$aClassic crime.$2bicssc
=884  \\$aLDL ebooks ONIX to marcxml transformation using Record_Load-eBooks_Legal_Deposit_onix2marc_v2-1.xsl$g20171208$k9781911420064$qUk
=859  \\$aELD$bebook
=852  \\$aBritish Library$bHMNTS$cDRT$jELD.DS.240095$qImperfect: incorrect title sent.
=985  \\$aCorrected by MS generated file for WR# 2102-0049
=CAT  \\$aBATCH-EBKN$b00$c20171224$lBLL01$h0204
=CAT  \\$aEBKS-FXD$c20171224$lBLL01$h0219
=CAT  \\$aBATCH$b00$c20171224$lBLL01$h0220
=CAT  \\$aW1810-2163$c20190208$lBLL01$h2044
=CAT  \\$aBLSS-CORR$b00$c20210413$lBLL01$h1605
=CAT  \\$a7332$b40$c20210507$lBLL01$h0625
=CAT  \\$a7164$b40$c20220818$lBLL01$h1450
=DRT  \\$aLD-ebooks
=SRC  \\$aCollection Metadata
=STA  \\$aSUPPRESSED$bE-content not adequate for display
=ONS  \7$aFC$2bicssc
=ONS  \7$aFF$2bicssc
=ONS  \7$aFIC$x000000$2bisacsh
=ONS  \7$aFIC$x022000$2bisacsh
=ONS  \7$aFIC$x022060$2bisacsh
=ONS  \7$aFIC$x022090$2bisacsh
=ONS  \7$aFIC$x031010$2bisacsh
=ONS  \7$aFIC$x022070$2bisacsh
=ONS  \7$aFFC$2bicssc
=LAS  \\$a7164$b40$c20220818$lBLL01$h1450

