=LDR  01226 am a22003375i 4500
=001  018659549
=003  Uk
=005  20190208204439.0
=006  m\\\\||\\d\|\\\\\\
=007  cr\|||||||||||
=008  171225s2017\\\\xxk|||||o\\\\||||\||eng\\
=FMT  \\$a  BK
=040  \\$aUk$beng$cUk
=245  00$aInternational comparisons of UK productivity (ICP), first estimates: 2016 :$bAn international comparison of labour productivity across the G7 nations, in terms of levels of and growth in GDP per hour and GDP per worker.
=264  \1$bOffice for National Statistics,$c2017.
=300  \\$a1 online resource.
=336  \\$atext$2rdacontent
=337  \\$acomputer$2rdamedia
=338  \\$aonline resource$2rdacarrier
=500  \\$aStatistical bulletin
=859  \\$aELD$bebook
=852  \\$aBritish Library$bHMNTS$cDRT$jELD.DS.241553
=CAT  \\$aBATCH-EBKN$b00$c20171225$lBLL01$h0204
=CAT  \\$aEBKS-FXD$c20171225$lBLL01$h0213
=CAT  \\$aBATCH$b00$c20171225$lBLL01$h0214
=CAT  \\$a14412$b40$c20181114$lBLL01$h1423
=CAT  \\$aW1810-2163$c20190208$lBLL01$h2044
=DRT  \\$aLD-ebooks
=SRC  \\$aSubmission Portal
=STA  \\$aSUPPRESSED$bRe-batched as Serial
=LAS  \\$aW1810-2163$b00$c20190208$lBLL01$h2044

