=LDR  00991 am a22003135i 4500
=001  019206081
=003  Uk
=005  20190916122604.0
=006  m\\\\||\\d\|\\\\\\
=007  cr\|||||||||||
=008  190111s2013\\\\xxk|||||o\\\\||||\||eng\\
=FMT  \\$a  BK
=040  \\$aUk$beng$cUk
=245  00$aChild Support Agency Quarterly Summary of Statistics for Great Britain.
=264  \1$aUK :$bDepartment for Work & Pensions,$c2013.
=300  \\$a1 online resource.
=336  \\$atext$2rdacontent
=337  \\$acomputer$2rdamedia
=338  \\$aonline resource$2rdacarrier
=859  \\$aELD$bebook
=852  \\$aBritish Library$bHMNTS$cDRT$jELD.DS.379144
=CAT  \\$aBATCH-EBKN$b00$c20190111$lBLL01$h0201
=CAT  \\$aEBKS-FXD$c20190111$lBLL01$h0208
=CAT  \\$aBATCH$b00$c20190111$lBLL01$h0208
=CAT  \\$a15005$b40$c20190916$lBLL01$h1226
=DRT  \\$aLD-ebooks
=SRC  \\$aSubmission Portal
=STA  \\$aSUPPRESSED$bRebatched as serial
=LAS  \\$a15005$b40$c20190916$lBLL01$h1226

