=LDR  01354cam a22004335i 4500
=001  019235719
=003  Uk
=005  20220401065247.0
=006  m\\\\||\\d\|\\\\\\
=007  cr\|||||||||||
=008  190201s2019\\\\xxk||||go\\\\||||\||eng\\
=FMT  \\$a  BK
=020  \\$a9780571355419$qEPUB
=020  \\$a0571355412$qEPUB
=037  \\$aFaber30194$bIngram Content Group
=040  \\$aUk$beng$cUk
=072  \7$aFIC$x031080$2bisacsh
=100  1\$aDoughty, Louise,$eauthor.
=245  10$aPlatform Seven: Free Ebook Sampler /$cLouise Doughty.
=250  \\$aMain
=264  \1$aLondon :$bFaber & Faber,$c2019.
=300  \\$a1 online resource (11 pages)
=336  \\$atext$2rdacontent
=337  \\$acomputer$2rdamedia
=338  \\$aonline resource$2rdacarrier
=650  \7$aFICTION / Thrillers / Psychological$2bisacsh
=859  \\$aELD$bebook
=852  \\$aBritish Library$bHMNTS$cDRT$jELD.DS.385022
=CAT  \\$aBATCH-EBKN$b00$c20190204$lBLL01$h0200
=CAT  \\$aBATCH-UPD$b00$c20190204$lBLL01$h0201
=CAT  \\$aEBKS-FXD$c20190204$lBLL01$h0204
=CAT  \\$aBATCH$b00$c20190204$lBLL01$h0205
=CAT  \\$a7164$b40$c20220401$lBLL01$h0652
=DRT  \\$aLD-ebooks
=SRC  \\$aIngrams
=STA  \\$aSUPPRESSED$bPromotional sample content
=ONX  \\$cDGO
=ONS  \7$aFIC$x030000$2bisacsh
=LAS  \\$a7164$b40$c20220401$lBLL01$h0652

