=LDR  01028 am a22003375i 4500
=001  019248988
=003  Uk
=005  20190327144628.0
=006  m\\\\||\\d\|\\\\\\
=007  cr\|||||||||||
=008  190209s2017\\\\xxk|||||o\\\\||||\||eng\\
=FMT  \\$a  BK
=020  \\$a9781912225453
=040  \\$aUk$beng$cUk
=245  00$aBlock Grant Transparency :$bDecember 2017 publication.
=264  \1$aLondon :$bHM Treasury,$c2017.
=300  \\$a1 online resource.
=336  \\$atext$2rdacontent
=337  \\$acomputer$2rdamedia
=338  \\$aonline resource$2rdacarrier
=500  \\$aDecember 2017 | PU2134
=859  \\$aELD$bebook
=852  \\$aBritish Library$bHMNTS$cDRT$jELD.DS.386123
=CAT  \\$aBATCH-EBKN$b00$c20190209$lBLL01$h0206
=CAT  \\$aEBKS-FXD$c20190209$lBLL01$h0211
=CAT  \\$aBATCH$b00$c20190209$lBLL01$h0211
=CAT  \\$a15005$b40$c20190327$lBLL01$h1446
=DRT  \\$aLD-ebooks
=SRC  \\$aSubmission Portal
=STA  \\$aSUPPRESSED$bRebatched as Serial
=LAS  \\$a15005$b40$c20190327$lBLL01$h1446

