=LDR  01097 am a22003135i 4500
=001  019254106
=003  Uk
=005  20191220091553.0
=006  m\\\\||\\d\|\\\\\\
=007  cr\|||||||||||
=008  190214s2018\\\\xxk|||||o\\\\||||\||eng\\
=FMT  \\$a  BK
=040  \\$aUk$beng$cUk
=245  00$aUse of Discretionary Housing Payments, England and Wales - :$bAnalysis of Returns from Local Authorities April 2018 - September 2018Background information and methodology.
=264  \1$a[UK] :$bDepartment for Work & Pensions,$c2018.
=300  \\$a1 online resource.
=336  \\$atext$2rdacontent
=337  \\$acomputer$2rdamedia
=338  \\$aonline resource$2rdacarrier
=859  \\$aELD$bebook
=852  \\$aBritish Library$bHMNTS$cDRT$jELD.DS.387321
=CAT  \\$aBATCH-EBKN$b00$c20190214$lBLL01$h0210
=CAT  \\$aEBKS-FXD$c20190214$lBLL01$h0220
=CAT  \\$aBATCH$b00$c20190214$lBLL01$h0222
=CAT  \\$a15190$b40$c20191220$lBLL01$h0915
=DRT  \\$aLD-ebooks
=SRC  \\$aSubmission Portal
=STA  \\$aSUPPRESSED$bRebatched as Serial
=LAS  \\$a15190$b40$c20191220$lBLL01$h0915

