=LDR  01100 am a22003375i 4500
=001  019254139
=003  Uk
=005  20190604115251.0
=006  m\\\\||\\d\|\\\\\\
=007  cr\|||||||||||
=008  190214s2018\\\\xxk|||||o\\\\||||\||eng\\
=FMT  \\$a  BK
=020  \\$a9781409853367
=040  \\$aUk$beng$cUk
=245  00$aImproved Better Care Fund (iBCF) :$bQuarterly and year-end reporting2017-18.
=264  \1$aLondon :$bMinistry of Housing, Communities and Local Government,$c2018.
=300  \\$a1 online resource.
=336  \\$atext$2rdacontent
=337  \\$acomputer$2rdamedia
=338  \\$aonline resource$2rdacarrier
=500  \\$aManagement Information Release
=859  \\$aELD$bebook
=852  \\$aBritish Library$bHMNTS$cDRT$jELD.DS.387354
=CAT  \\$aBATCH-EBKN$b00$c20190214$lBLL01$h0210
=CAT  \\$aEBKS-FXD$c20190214$lBLL01$h0220
=CAT  \\$aBATCH$b00$c20190214$lBLL01$h0222
=CAT  \\$a15190$b40$c20190604$lBLL01$h1152
=DRT  \\$aLD-ebooks
=SRC  \\$aSubmission Portal
=STA  \\$aSUPPRESSED$bRebatched as Serial
=LAS  \\$a15190$b40$c20190604$lBLL01$h1152

