=LDR  01372 am a22003855i 4500
=001  019257457
=003  Uk
=005  20190301145146.0
=006  m\\\\||\\d\|\\\\\\
=007  cr\|||||||||||
=008  190130s2018\\\\nik|||||o||||f||||||eng|d
=FMT  \\$a  BK
=037  \\$aNIOPA_8062$bQueen's University Belfast$nNorthern Ireland Official Publications Repository
=040  \\$aNiBfQU$beng$cNiBfQU$dUk$erda
=110  2\$aParades Commission for Northern Ireland,$eauthor.
=245  10$aPrivacy Statements.
=250  \\$aFinal version.
=264  \1$aBelfast :$bParades Commission for Northern Ireland,$c2018.
=300  \\$a1 online resource.
=336  \\$atext$2rdacontent
=337  \\$acomputer$2rdamedia
=338  \\$aonline resource$2rdacarrier
=651  \7$aNorthern Ireland.$2fast$0(OCoLC)fst01205215.
=655  \0$aGovernment publications.
=884  \\$aLDL ebooks transformation to marcxml using queens_eb2marc.xsl$g20190201$kNIOPA_8062$qUk
=859  \\$aELD$bebook
=852  \\$aBritish Library$bHMNTS$cDRT$jELD.DS.389159
=CAT  \\$aBATCH-EBKN$b00$c20190218$lBLL01$h0201
=CAT  \\$aEBKS-FXD$c20190218$lBLL01$h0207
=CAT  \\$aBATCH$b00$c20190218$lBLL01$h0207
=CAT  \\$a8250$b40$c20190301$lBLL01$h1451
=DRT  \\$aLD-ebooks
=SRC  \\$aCollection Metadata
=STA  \\$aSUPPRESSED$bOut of scope
=LAS  \\$a8250$b40$c20190301$lBLL01$h1451

