=LDR  01030 am a22003135i 4500
=001  019258217
=003  Uk
=005  20191220091852.0
=006  m\\\\||\\d\|\\\\\\
=007  cr\|||||||||||
=008  190219s2016\\\\xxk|||||o\\\\||||\||eng\\
=FMT  \\$a  BK
=040  \\$aUk$beng$cUk
=245  00$aUse of Discretionary Housing Payments of Great Britain :$bAnalysis of Mid Year Returns from Local Authorities.
=264  \1$aUK :$bDepartment for Work & Pensions,$c2016.
=300  \\$a1 online resource.
=336  \\$atext$2rdacontent
=337  \\$acomputer$2rdamedia
=338  \\$aonline resource$2rdacarrier
=859  \\$aELD$bebook
=852  \\$aBritish Library$bHMNTS$cDRT$jELD.DS.389549
=CAT  \\$aBATCH-EBKN$b00$c20190219$lBLL01$h0206
=CAT  \\$aEBKS-FXD$c20190219$lBLL01$h0209
=CAT  \\$aBATCH$b00$c20190219$lBLL01$h0209
=CAT  \\$a15190$b40$c20191220$lBLL01$h0918
=DRT  \\$aLD-ebooks
=SRC  \\$aSubmission Portal
=STA  \\$aSUPPRESSED$bRebatched as Serial
=LAS  \\$a15190$b40$c20191220$lBLL01$h0918

