=LDR  00994 am a22003375i 4500
=001  019278776
=003  Uk
=005  20210122141437.0
=006  m\\\\||\\d\|\\\\\\
=007  cr\|||||||||||
=008  190304s2018\\\\xxk|||||o\\\\||||\||eng\\
=FMT  \\$a  BK
=020  \\$a9781911588269
=040  \\$aUk$beng$cUk
=245  00$aService delivery report 2016-17.
=264  \1$aBirmingham :$bOfwat,$c2018.
=300  \\$a1 online resource.
=336  \\$atext$2rdacontent
=337  \\$acomputer$2rdamedia
=338  \\$aonline resource$2rdacarrier
=500  \\$aJanuary 2018
=859  \\$aELD$bebook
=852  \\$aBritish Library$bHMNTS$cDRT$jELD.DS.392779
=CAT  \\$aBATCH-EBKN$b00$c20190304$lBLL01$h0205
=CAT  \\$aEBKS-FXD$c20190304$lBLL01$h0212
=CAT  \\$aBATCH$b00$c20190304$lBLL01$h0213
=CAT  \\$a11450$b40$c20210122$lBLL01$h1414
=DRT  \\$aLD-ebooks
=SRC  \\$aSubmission Portal
=STA  \\$aSUPPRESSED$bRebatched as Serial
=LAS  \\$a11450$b40$c20210122$lBLL01$h1414

