=LDR  01528 am a22003975i 4500
=001  019286675
=003  Uk
=005  20190329112226.0
=006  m\\\\||\\d\|\\\\\\
=007  cr\|||||||||||
=008  190218s2018\\\\nik|||||o||||f||||||eng|d
=FMT  \\$a  BK
=037  \\$aNIOPA_8007$bQueen's University Belfast$nNorthern Ireland Official Publications Repository
=040  \\$aNiBfQU$beng$cNiBfQU$dUk$erda
=110  1\$aNorthern Ireland.$bPublic Health Agency,$eauthor.
=245  10$aManagement Statement (Tab A) and Financial Memorandum (Tab B) Between DoH and PHA.
=264  \1$aBelfast :$bPublic Health Agency,$c2018.
=300  \\$a1 online resource.
=336  \\$atext$2rdacontent
=337  \\$acomputer$2rdamedia
=338  \\$aonline resource$2rdacarrier
=650  \7$aNational health services.$2fast$0(OCoLC)fst01033565.
=650  \7$aPublic health.$2fast$0(OCoLC)fst01082238.
=651  \7$aNorthern Ireland.$2fast$0(OCoLC)fst01205215.
=655  \0$aGovernment publications.
=884  \\$aLDL ebooks transformation to marcxml using queens_eb2marc.xsl$g20190220$kNIOPA_8007$qUk
=859  \\$aELD$bebook
=852  \\$aBritish Library$bHMNTS$cDRT$jELD.DS.393204
=CAT  \\$aBATCH-EBKN$b00$c20190307$lBLL01$h0201
=CAT  \\$aEBKS-FXD$c20190307$lBLL01$h0211
=CAT  \\$aBATCH$b00$c20190307$lBLL01$h0213
=CAT  \\$a8250$b40$c20190329$lBLL01$h1122
=DRT  \\$aLD-ebooks
=SRC  \\$aCollection Metadata
=STA  \\$aSUPPRESSED$bInternal management document
=LAS  \\$a8250$b40$c20190329$lBLL01$h1122

