=LDR  01630 am a22003975i 4500
=001  019286708
=003  Uk
=005  20190329112322.0
=006  m\\\\||\\d\|\\\\\\
=007  cr\|||||||||||
=008  190218s2018\\\\nik|||||o||||f||||||eng|d
=FMT  \\$a  BK
=037  \\$aNIOPA_8124$bQueen's University Belfast$nNorthern Ireland Official Publications Repository
=040  \\$aNiBfQU$beng$cNiBfQU$dUk$erda
=110  2\$aRural Development Council for Northern Ireland,$eauthor.
=245  10$aBriefing on Northern Ireland Budgetary Outlook 2018-20 :$ba Response from the Northern Ireland Rural Development Council (RDC).
=264  \1$aCookstown :$bRural Development Council for Northern Ireland,$c[2018]
=300  \\$a1 online resource.
=336  \\$atext$2rdacontent
=337  \\$acomputer$2rdamedia
=338  \\$aonline resource$2rdacarrier
=650  \7$aFinance.$2fast$0(OCoLC)fst00924349.
=650  \7$aRural development.$2fast$0(OCoLC)fst01101498.
=651  \7$aNorthern Ireland.$2fast$0(OCoLC)fst01205215.
=655  \0$aGovernment publications.
=884  \\$aLDL ebooks transformation to marcxml using queens_eb2marc.xsl$g20190220$kNIOPA_8124$qUk
=859  \\$aELD$bebook
=852  \\$aBritish Library$bHMNTS$cDRT$jELD.DS.393237
=CAT  \\$aBATCH-EBKN$b00$c20190307$lBLL01$h0201
=CAT  \\$aEBKS-FXD$c20190307$lBLL01$h0211
=CAT  \\$aBATCH$b00$c20190307$lBLL01$h0213
=CAT  \\$a8250$b40$c20190329$lBLL01$h1123
=DRT  \\$aLD-ebooks
=SRC  \\$aCollection Metadata
=STA  \\$aSUPPRESSED$bSingle responses to government consultations are not selected.
=LAS  \\$a8250$b40$c20190329$lBLL01$h1123

