=LDR  01530 am a22003855i 4500
=001  019286721
=003  Uk
=005  20190329111532.0
=006  m\\\\||\\d\|\\\\\\
=007  cr\|||||||||||
=008  190218s2017\\\\nik|||||o||||f||||||eng|d
=FMT  \\$a  BK
=037  \\$aNIOPA_8081$bQueen's University Belfast$nNorthern Ireland Official Publications Repository
=040  \\$aNiBfQU$beng$cNiBfQU$dUk$erda
=110  1\$aNorthern Ireland.$bJudicial Appointments Commission,$eauthor.
=245  10$aNature of the Role of the Medically Qualified (Consultant) Member Medical Specialist.
=264  \1$aBelfast :$b[Northern Ireland Judicial Appointments Commission],$c2017.
=300  \\$a1 online resource.
=336  \\$atext$2rdacontent
=337  \\$acomputer$2rdamedia
=338  \\$aonline resource$2rdacarrier
=650  \7$aPublic administration.$2fast$0(OCoLC)fst01081976.
=651  \7$aNorthern Ireland.$2fast$0(OCoLC)fst01205215.
=655  \0$aGovernment publications.
=884  \\$aLDL ebooks transformation to marcxml using queens_eb2marc.xsl$g20190220$kNIOPA_8081$qUk
=859  \\$aELD$bebook
=852  \\$aBritish Library$bHMNTS$cDRT$jELD.DS.393250
=CAT  \\$aBATCH-EBKN$b00$c20190307$lBLL01$h0201
=CAT  \\$aEBKS-FXD$c20190307$lBLL01$h0211
=CAT  \\$aBATCH$b00$c20190307$lBLL01$h0213
=CAT  \\$a8250$b40$c20190329$lBLL01$h1115
=DRT  \\$aLD-ebooks
=SRC  \\$aCollection Metadata
=STA  \\$aSUPPRESSED$bJob description for role with the Commission.
=LAS  \\$a8250$b40$c20190329$lBLL01$h1115

