=LDR  01590 am a22003975i 4500
=001  019286750
=003  Uk
=005  20190329112120.0
=006  m\\\\||\\d\|\\\\\\
=007  cr\|||||||||||
=008  190218s2016\\\\nik|||||o||||f||||||eng|d
=FMT  \\$a  BK
=037  \\$aNIOPA_8152$bQueen's University Belfast$nNorthern Ireland Official Publications Repository
=040  \\$aNiBfQU$beng$cNiBfQU$dUk$erda
=110  2\$aNorthern Ireland Local Government Commissioner for Standards,$eauthor.
=245  10$aProtocol between the Local Government Commissioner for Standards and the Deputy Commissioner.
=264  \1$aBelfast :$bNorthern Ireland Local Government Commissioner for Standards,$c[2016]
=300  \\$a1 online resource.
=336  \\$atext$2rdacontent
=337  \\$acomputer$2rdamedia
=338  \\$aonline resource$2rdacarrier
=650  \7$aLocal government.$2fast$0(OCoLC)fst01001300.
=650  \7$aManagement.$2fast$0(OCoLC)fst01007141.
=651  \7$aNorthern Ireland.$2fast$0(OCoLC)fst01205215.
=655  \0$aGovernment publications.
=884  \\$aLDL ebooks transformation to marcxml using queens_eb2marc.xsl$g20190220$kNIOPA_8152$qUk
=859  \\$aELD$bebook
=852  \\$aBritish Library$bHMNTS$cDRT$jELD.DS.393279
=CAT  \\$aBATCH-EBKN$b00$c20190307$lBLL01$h0201
=CAT  \\$aEBKS-FXD$c20190307$lBLL01$h0211
=CAT  \\$aBATCH$b00$c20190307$lBLL01$h0213
=CAT  \\$a8250$b40$c20190329$lBLL01$h1121
=DRT  \\$aLD-ebooks
=SRC  \\$aCollection Metadata
=STA  \\$aSUPPRESSED$bInternal management document
=LAS  \\$a8250$b40$c20190329$lBLL01$h1121

