=LDR  01112cam a22003255i 4500
=001  019291625
=003  Uk
=005  20230920142518.0
=006  m\\\\||\\d\|\\\\\\
=007  cr\|||||||||||
=008  190310s2019\\\\xxk|||||o\\\\||||\||eng\\
=FMT  \\$a  BK
=040  \\$aUk$beng$cUk
=245  00$aEquality objectives progress review 2017-18.
=264  \1$a[UK] :$bOfsted,$c2019.
=300  \\$a1 online resource.
=336  \\$atext$2rdacontent
=337  \\$acomputer$2rdamedia
=338  \\$aonline resource$2rdacarrier
=500  \\$aThis report is a review of our progress against our published 2017-20 equality objectives. It covers the period April 2017 to March 2018Reference no: 180028
=859  \\$aELD$bebook
=852  \\$aBritish Library$bHMNTS$cDRT$jELD.DS.394641
=CAT  \\$aBATCH-EBKN$b00$c20190310$lBLL01$h0204
=CAT  \\$aEBKS-FXD$c20190310$lBLL01$h0212
=CAT  \\$aBATCH$b00$c20190310$lBLL01$h0215
=CAT  \\$a11279$b40$c20230920$lBLL01$h1425
=DRT  \\$aLD-ebooks
=SRC  \\$aSubmission Portal
=STA  \\$aSUPPRESSED$bLanding page
=LAS  \\$a11279$b40$c20230920$lBLL01$h1425

