=LDR  01643 am a2200433 i 4500
=001  019319142
=003  Uk
=005  20190416102857.0
=006  m\\\\||\\d\|\\\\\\
=007  cr\|||||||||||
=008  190319s2017\\\\nik|||||o||||f||||||eng|d
=FMT  \\$a  BK
=037  \\$aNIOPA_8177$bQueen's University Belfast$nNorthern Ireland Official Publications Repository
=040  \\$aNiBfQU$beng$cNiBfQU$dUk$erda
=042  \\$aukblsr
=110  1\$aNorthern Ireland.$bDepartment of Education,$eauthor.
=245  10$aTowards a Culture of Tolerance : Integrating Education.
=264  \1$a[Bangor] :$b[Department of Educationl],$c[2017]
=300  \\$a1 online resource.
=336  \\$atext$2rdacontent
=337  \\$acomputer$2rdamedia
=338  \\$aonline resource$2rdacarrier
=650  \7$aSchool integration.$2fast$0(OCoLC)fst01107474
=650  \7$aReligious tolerance.$2fast$0(OCoLC)fst01094328
=651  \7$aNorthern Ireland.$2fast$0(OCoLC)fst01205215
=655  \0$aGovernment publications.
=884  \\$aLDL ebooks transformation to marcxml using queens_eb2marc.xsl$g20190321$kNIOPA_8177$qUk
=859  \\$aELD$bebook
=852  \\$aBritish Library$bHMNTS$cDRT$jELD.DS.402299
=CAT  \\$aBATCH-EBKN$b00$c20190324$lBLL01$h0202
=CAT  \\$aEBKS-FXD$c20190324$lBLL01$h0210
=CAT  \\$aBATCH$b00$c20190324$lBLL01$h0212
=CAT  \\$a3391$b40$c20190404$lBLL01$h1709
=CAT  \\$a6550$b40$c20190416$lBLL01$h1028
=FIN  \\$aY$d20190404
=DRT  \\$aLD-ebooks
=SRC  \\$aCollection Metadata
=STA  \\$aSUPPRESSED$bDate on record is incorrect. Published in 1998 so predates NPLD
=LAS  \\$a6550$b40$c20190416$lBLL01$h1028

