=LDR  01614 am a22004215i 4500
=001  019319160
=003  Uk
=005  20190416103215.0
=006  m\\\\||\\d\|\\\\\\
=007  cr\|||||||||||
=008  190319s2017\\\\nik|||||o||||f||||||eng|d
=FMT  \\$a  BK
=037  \\$aNIOPA_8207$bQueen's University Belfast$nNorthern Ireland Official Publications Repository
=040  \\$aNiBfQU$beng$cNiBfQU$dUk$erda
=110  1\$aNorthern Ireland.$bPublic Health Agency,$eauthor.
=245  10$aTen Thousand More Voices :$bimproving the patient and client experience of delirium.
=264  \1$aBelfast :$bPublic Health Agency,$c[2017]
=300  \\$a1 online resource.
=336  \\$atext$2rdacontent
=337  \\$acomputer$2rdamedia
=338  \\$aonline resource$2rdacarrier
=650  \7$aHealth.$2fast$0(OCoLC)fst00952743.
=650  \7$aMedical care.$2fast$0(OCoLC)fst01013753.
=650  \7$aPublic health.$2fast$0(OCoLC)fst01082238.
=650  \7$aQuality of life.$2fast$0(OCoLC)fst01085009.
=651  \7$aNorthern Ireland.$2fast$0(OCoLC)fst01205215.
=655  \0$aGovernment publications.
=884  \\$aLDL ebooks transformation to marcxml using queens_eb2marc.xsl$g20190321$kNIOPA_8207$qUk
=859  \\$aELD$bebook
=852  \\$aBritish Library$bHMNTS$cDRT$jELD.DS.402317
=CAT  \\$aBATCH-EBKN$b00$c20190324$lBLL01$h0202
=CAT  \\$aEBKS-FXD$c20190324$lBLL01$h0210
=CAT  \\$aBATCH$b00$c20190324$lBLL01$h0212
=CAT  \\$a6550$b40$c20190416$lBLL01$h1032
=DRT  \\$aLD-ebooks
=SRC  \\$aCollection Metadata
=STA  \\$aSUPPRESSED$bNot in scope
=LAS  \\$a6550$b40$c20190416$lBLL01$h1032

