=LDR  01463 am a22003855i 4500
=001  019319184
=003  Uk
=005  20190416102720.0
=006  m\\\\||\\d\|\\\\\\
=007  cr\|||||||||||
=008  190319s2017\\\\nik|||||o||||f||||||eng|d
=FMT  \\$a  BK
=037  \\$aNIOPA_8344$bQueen's University Belfast$nNorthern Ireland Official Publications Repository
=040  \\$aNiBfQU$beng$cNiBfQU$dUk$erda
=110  1\$aNorthern Ireland.$bPublic Health Agency,$eauthor.
=245  10$aPromoting breastfeeding and for mothers returning to work :$bA guide for employers.
=264  \1$aBelfast :$bPublic Health Agency,$c[2017]
=300  \\$a1 online resource.
=336  \\$atext$2rdacontent
=337  \\$acomputer$2rdamedia
=338  \\$aonline resource$2rdacarrier
=650  \7$aPublic welfare.$2fast$0(OCoLC)fst01083250.
=651  \7$aNorthern Ireland.$2fast$0(OCoLC)fst01205215.
=655  \0$aGovernment publications.
=884  \\$aLDL ebooks transformation to marcxml using queens_eb2marc.xsl$g20190321$kNIOPA_8344$qUk
=859  \\$aELD$bebook
=852  \\$aBritish Library$bHMNTS$cDRT$jELD.DS.402341
=CAT  \\$aBATCH-EBKN$b00$c20190324$lBLL01$h0202
=CAT  \\$aEBKS-FXD$c20190324$lBLL01$h0210
=CAT  \\$aBATCH$b00$c20190324$lBLL01$h0212
=CAT  \\$a6550$b40$c20190416$lBLL01$h1027
=DRT  \\$aLD-ebooks
=SRC  \\$aCollection Metadata
=STA  \\$aSUPPRESSED$bDuplicate of Aleph #019319212
=LAS  \\$a6550$b40$c20190416$lBLL01$h1027

