=LDR  01505 am a22003855i 4500
=001  019319192
=003  Uk
=005  20190416102743.0
=006  m\\\\||\\d\|\\\\\\
=007  cr\|||||||||||
=008  190319s2017\\\\nik|||||o||||f||||||eng|d
=FMT  \\$a  BK
=037  \\$aNIOPA_8273$bQueen's University Belfast$nNorthern Ireland Official Publications Repository
=040  \\$aNiBfQU$beng$cNiBfQU$dUk$erda
=110  1\$aNorthern Ireland.$bDepartment of Education,$eauthor.
=245  10$aDevelopment Proposal (DP) 475: Establishment of a New Irish Medium (IM) Post-Primary School in Derry :$bCopy of Development Proposal Submission.
=264  \1$aBangor :$bDepartment of Education,$c[2017]
=300  \\$a1 online resource.
=336  \\$atext$2rdacontent
=337  \\$acomputer$2rdamedia
=338  \\$aonline resource$2rdacarrier
=650  \7$aSchools.$2fast$0(OCoLC)fst01107958.
=651  \7$aNorthern Ireland.$2fast$0(OCoLC)fst01205215.
=655  \0$aGovernment publications.
=884  \\$aLDL ebooks transformation to marcxml using queens_eb2marc.xsl$g20190321$kNIOPA_8273$qUk
=859  \\$aELD$bebook
=852  \\$aBritish Library$bHMNTS$cDRT$jELD.DS.402349
=CAT  \\$aBATCH-EBKN$b00$c20190324$lBLL01$h0202
=CAT  \\$aEBKS-FXD$c20190324$lBLL01$h0210
=CAT  \\$aBATCH$b00$c20190324$lBLL01$h0212
=CAT  \\$a6550$b40$c20190416$lBLL01$h1027
=DRT  \\$aLD-ebooks
=SRC  \\$aCollection Metadata
=STA  \\$aSUPPRESSED$bNot in scope
=LAS  \\$a6550$b40$c20190416$lBLL01$h1027

