=LDR  00997 am a22003255i 4500
=001  019321388
=003  Uk
=005  20190925144233.0
=006  m\\\\||\\d\|\\\\\\
=007  cr\|||||||||||
=008  190325s2019\\\\xxk|||||o\\\\||||\||eng\\
=FMT  \\$a  BK
=040  \\$aUk$beng$cUk
=245  00$aStatistical Digest of Rural England.
=264  \1$aUK :$bDepartment for Environment Food & Rural Affairs,$c2019.
=300  \\$a1 online resource.
=336  \\$atext$2rdacontent
=337  \\$acomputer$2rdamedia
=338  \\$aonline resource$2rdacarrier
=500  \\$aPB14560
=859  \\$aELD$bebook
=852  \\$aBritish Library$bHMNTS$cDRT$jELD.DS.403716
=CAT  \\$aBATCH-EBKN$b00$c20190325$lBLL01$h0202
=CAT  \\$aEBKS-FXD$c20190325$lBLL01$h0207
=CAT  \\$aBATCH$b00$c20190325$lBLL01$h0208
=CAT  \\$a15005$b40$c20190925$lBLL01$h1442
=DRT  \\$aLD-ebooks
=SRC  \\$aSubmission Portal
=STA  \\$aSUPPRESSED$bRebatched as Serial
=LAS  \\$a15005$b40$c20190925$lBLL01$h1442

