=LDR  01053 am a22003255i 4500
=001  019336733
=003  Uk
=005  20190819112136.0
=006  m\\\\||\\d\|\\\\\\
=007  cr\|||||||||||
=008  190330s2013\\\\xxk|||||o\\\\||||\||eng\\
=FMT  \\$a  BK
=040  \\$aUk$beng$cUk
=245  00$aSmart Metering Implementation Programme :$bSecond Annual Report on the Roll-out of Smart Meters.
=264  \1$aUK :$bDepartment of Energy and Climate Change,$c2013.
=300  \\$a1 online resource.
=336  \\$atext$2rdacontent
=337  \\$acomputer$2rdamedia
=338  \\$aonline resource$2rdacarrier
=500  \\$aURN 13D/340
=859  \\$aELD$bebook
=852  \\$aBritish Library$bHMNTS$cDRT$jELD.DS.405839
=CAT  \\$aBATCH-EBKN$b00$c20190330$lBLL01$h0203
=CAT  \\$aEBKS-FXD$c20190330$lBLL01$h0208
=CAT  \\$aBATCH$b00$c20190330$lBLL01$h0210
=CAT  \\$a14412$b40$c20190819$lBLL01$h1121
=DRT  \\$aLD-ebooks
=SRC  \\$aSubmission Portal
=STA  \\$aSUPPRESSED$bRebatched as Serial
=LAS  \\$a14412$b40$c20190819$lBLL01$h1121

