=LDR  01035 am a22003135i 4500
=001  019353056
=003  Uk
=005  20200724122821.0
=006  m\\\\||\\d\|\\\\\\
=007  cr\|||||||||||
=008  190404s2015\\\\xxk|||||o\\\\||||\||eng\\
=FMT  \\$a  BK
=040  \\$aUk$beng$cUk
=245  00$aThe Renewables Obligation for 2016/17 :$bCalculating the Level of the Renewables Obligation for 2016/17.
=264  \1$aLondon :$bDepartment of Energy & Climate Change,$c2015.
=300  \\$a1 online resource.
=336  \\$atext$2rdacontent
=337  \\$acomputer$2rdamedia
=338  \\$aonline resource$2rdacarrier
=859  \\$aELD$bebook
=852  \\$aBritish Library$bHMNTS$cDRT$jELD.DS.408938
=CAT  \\$aBATCH-EBKN$b00$c20190404$lBLL01$h0206
=CAT  \\$aEBKS-FXD$c20190404$lBLL01$h0216
=CAT  \\$aBATCH$b00$c20190404$lBLL01$h0217
=CAT  \\$a15190$b40$c20200724$lBLL01$h1228
=DRT  \\$aLD-ebooks
=SRC  \\$aSubmission Portal
=STA  \\$aSUPPRESSED$bRebatched as Serial
=LAS  \\$a15190$b40$c20200724$lBLL01$h1228

