=LDR  01031 am a22003255i 4500
=001  019365728
=003  Uk
=005  20190516121539.0
=006  m\\\\||\\d\|\\\\\\
=007  cr\|||||||||||
=008  190412s2012\\\\xxk|||||o\\\\||||\||eng\\
=FMT  \\$a  BK
=040  \\$aUk$beng$cUk
=245  00$aUpdated short-term traded carbon values used for modelling purposes.
=264  \1$aLondon :$bDepartment of Energy & Climate Change,$c2012.
=300  \\$a1 online resource.
=336  \\$atext$2rdacontent
=337  \\$acomputer$2rdamedia
=338  \\$aonline resource$2rdacarrier
=500  \\$a15 October 2012
=859  \\$aELD$bebook
=852  \\$aBritish Library$bHMNTS$cDRT$jELD.DS.410379
=CAT  \\$aBATCH-EBKN$b00$c20190412$lBLL01$h0201
=CAT  \\$aEBKS-FXD$c20190412$lBLL01$h0206
=CAT  \\$aBATCH$b00$c20190412$lBLL01$h0208
=CAT  \\$a6790$b40$c20190516$lBLL01$h1215
=DRT  \\$aLD-ebooks
=SRC  \\$aSubmission Portal
=STA  \\$aSUPPRESSED$bRebatched as a Serial
=LAS  \\$a6790$b40$c20190516$lBLL01$h1215

