=LDR  00979 am a22003255i 4500
=001  019367138
=003  Uk
=005  20210407130231.0
=006  m\\\\||\\d\|\\\\\\
=007  cr\|||||||||||
=008  190413s2019\\\\xxk|||||o\\\\||||\||eng\\
=FMT  \\$a  BK
=040  \\$aUk$beng$cUk
=245  00$aUK Civil Hydrography Programme.
=250  \\$a2019
=264  \1$aSouthampton :$bMaritime & Coastguard Agency,$c2019.
=300  \\$a1 online resource.
=336  \\$atext$2rdacontent
=337  \\$acomputer$2rdamedia
=338  \\$aonline resource$2rdacarrier
=859  \\$aELD$bebook
=852  \\$aBritish Library$bHMNTS$cDRT$jELD.DS.411096
=CAT  \\$aBATCH-EBKN$b00$c20190413$lBLL01$h0201
=CAT  \\$aEBKS-FXD$c20190413$lBLL01$h0208
=CAT  \\$aBATCH$b00$c20190413$lBLL01$h0208
=CAT  \\$a11450$b40$c20210407$lBLL01$h1302
=DRT  \\$aLD-ebooks
=SRC  \\$aSubmission Portal
=STA  \\$aSUPPRESSED$bRebatched as Serial
=LAS  \\$a11450$b40$c20210407$lBLL01$h1302

