=LDR  00971cam a22003135i 4500
=001  019370580
=003  Uk
=005  20230731124637.0
=006  m\\\\||\\d\|\\\\\\
=007  cr\|||||||||||
=008  190418s2018\\\\xxk|||||o\\\\||||\||eng\\
=FMT  \\$a  BK
=040  \\$aUk$beng$cUk
=245  00$aMeasuring tax gaps 2018 edition :$bMethodological annexx.
=264  \1$aLondon :$bHM Revenue & Customs,$c2018.
=300  \\$a1 online resource.
=336  \\$atext$2rdacontent
=337  \\$acomputer$2rdamedia
=338  \\$aonline resource$2rdacarrier
=859  \\$aELD$bebook
=852  \\$aBritish Library$bHMNTS$cDRT$jELD.DS.412055
=CAT  \\$aBATCH-EBKN$b00$c20190418$lBLL01$h0211
=CAT  \\$aEBKS-FXD$c20190418$lBLL01$h0217
=CAT  \\$aBATCH$b00$c20190418$lBLL01$h0217
=CAT  \\$a15190$b40$c20230731$lBLL01$h1246
=DRT  \\$aLD-ebooks
=SRC  \\$aSubmission Portal
=STA  \\$aSUPPRESSED$bRebatched as Serial
=LAS  \\$a15190$b40$c20230731$lBLL01$h1246

