=LDR  04669cam a22010451a 4500
=001  019380062
=003  Uk
=005  20230412112951.0
=006  m\\\\||\\d\|\\\\\\
=007  cr\|||||||||||
=008  021018s1996\\\\enka\\\\ob\\\\000\0\eng\d
=FMT  \\$a  BK
=015  \\$aGBB981711$2bnb
=020  \\$a0203011511$q(electronic bk.)
=020  \\$a9780203011515$q(electronic bk.)
=020  \\$a9781134775569$q(electronic bk.)
=020  \\$a1134775563$q(electronic bk.)
=020  \\$a9781134775576$q(electronic bk.)
=020  \\$a1134775571$q(electronic bk.)
=024  7\$a10.4324/9780203011515$2doi
=037  \\$a9781134775569$bIngram Content Group
=040  \\$aN{dollar}T$beng$cN{dollar}T$dOCLCQ$dYDXCP$dOCLCG$dOCLCQ$dBTCTA$dOCLCA$dOCLCQ$dOCLCF$dOCLCO$dOCLCQ$dEBLCP$dN{dollar}T$dZCU$dMERUC$dOCLCQ$dICG$dOCLCQ$dREC$dDKC$dOCLCQ$dUk$epn
=042  \\$aukblsr
=050  \4$aHB119.C58$bA25 1996eb
=072  \7$aBUS$x069000$2bisacsh
=072  \7$aBUS$x055000$2bisacsh
=082  04$a330$221
=100  1\$aCommons, John R.$q(John Rogers),$d1862-1945.
=240  10$aEssays.$kSelections
=245  10$aJohn R. Commons :$bselected essays.$nVolume one /$cedited by Malcolm Rutherford and Warren J. Samuels.
=260  \\$aLondon ;$aNew York :$bRoutledge,$c1996.
=300  \\$a1 online resource (viii, 305 pages) :$billustrations.
=336  \\$atext$2rdacontent
=337  \\$acomputer$2rdamedia
=338  \\$aonline resource$2rdacarrier
=504  \\$aIncludes bibliographical references.
=505  0\$aCover; JOHN R. COMMONS: SELECTED ESSAYS ; Copyright; CONTENTS; 24 HOBSON'S ECONOMICS OF UNEMPLOYMENT; 25 THE DELIVERED PRICE PRACTICE IN THE STEEL MARKET; 26 LAW AND ECONOMICS; 27 THE PASSING OF SAMUEL GOMPERS; 28 THE STABILIZATION OF PRICES AND BUSINESS; 29 THE TRUE SCOPE OF UNEMPLOYMENT INSURANCE; 30 MARX TODAY: Capitalism and socialism ; 31 PRICE STABILIZATION AND THE FEDERAL RESERVE SYSTEM; 32 RESERVE BANK CONTROL OF THE GENERAL PRICE LEVEL: A rejoinder ; 33 LEGAL AND ECONOMIC JOB ANALYSIS; 34 INSTITUTIONAL ECONOMICS; 35 THE PROBLEM OF CORRELATING LAW, ECONOMICS AND ETHICS.
=505  8\$a36 the place of economics in social philosophy37 institutional economics; 38 capacity to produce, capacity to consume, capacity to pay debts; 39 twentieth century economics; 40 legislative and administrative reasoning in economics; index.
=588  0\$aPrint version record.
=650  \0$aEconomics.
=650  \0$aInstitutional economics.
=650  \0$aSociology.
=650  \7$aBUSINESS & ECONOMICS$xEconomics$xGeneral.$2bisacsh
=650  \7$aBUSINESS & ECONOMICS$xReference.$2bisacsh
=650  \7$aEconomic policy.$2fast$0(OCoLC)fst00902025
=650  \7$aEconomics.$2fast$0(OCoLC)fst00902116
=650  \7$aInstitutional economics.$2fast$0(OCoLC)fst00974297
=650  \7$aSocial policy.$2fast$0(OCoLC)fst01122738
=650  \7$aSociology.$2fast$0(OCoLC)fst01123875
=650  \7$aEconomie politique.$2ram
=650  \7$aInstitutionnalisme.$2ram
=650  \7$aSociologie.$2ram
=651  \0$aUnited States$xEconomic policy.
=651  \0$aUnited States$xSocial policy.
=651  \7$aUnited States.$2fast$0(OCoLC)fst01204155
=651  \7$aEtats-Unis$xEconomie politique.$2ram
=651  \7$aEtats-Unis$xPolitique sociale.$2ram
=655  \4$aElectronic books.
=690  7\$aManagement and Business Studies$2blcoll
=700  1\$aRutherford, Malcolm,$d1948-
=700  1\$aSamuels, Warren J.,$d1933-
=859  \\$aELD$bebook
=889  \\$a(OCoLC)50804483
=852  \\$aBritish Library$bHMNTS$cDRT$jELD.DS.415616$qImperfect
=BUF  1\$aN$d20190506
=CAT  \\$aBATCH-EBKN$b00$c20190429$lBLL01$h0203
=CAT  \\$aBATCH-UPD$b00$c20190429$lBLL01$h0204
=CAT  \\$aEBKS-FXD$c20190429$lBLL01$h0211
=CAT  \\$aBATCH$b00$c20190429$lBLL01$h0213
=CAT  \\$aBATCH-UPEB$b00$c20190506$lBLL01$h1701
=CAT  \\$aBATCH-UPD$b00$c20190506$lBLL01$h1718
=CAT  \\$aBATCH-MBS$c20190510$lBLL01$h2119
=CAT  \\$a7164$b40$c20230412$lBLL01$h1129
=FIN  \\$aY$d20190506
=DRT  \\$aLD-ebooks
=SRC  \\$aIngrams
=STA  \\$aSUPPRESSED$bE-content not adequate for display
=ONS  \7$aBUS$x000000$2bisacsh
=ONS  \7$aBUS$b069000$2bisacsh
=ONS  \\$taction$2Subject Keywords
=ONS  \\$tcollective$2Subject Keywords
=ONS  \\$tcourt$2Subject Keywords
=ONS  \\$teconomists$2Subject Keywords
=ONS  \\$thedonistic$2Subject Keywords
=ONS  \\$trationing$2Subject Keywords
=ONS  \\$trule$2Subject Keywords
=ONS  \\$tsupreme$2Subject Keywords
=ONS  \\$ttransactions$2Subject Keywords
=ONS  \\$twork$2Subject Keywords
=LAS  \\$a7164$b40$c20230412$lBLL01$h1129

