=LDR  01615 am a22003975i 4500
=001  019388137
=003  Uk
=005  20190523133021.0
=006  m\\\\||\\d\|\\\\\\
=007  cr\|||||||||||
=008  190415s2018\\\\nik|||||o||||f||||||eng|d
=FMT  \\$a  BK
=037  \\$aNIOPA_8380$bQueen's University Belfast$nNorthern Ireland Official Publications Repository
=040  \\$aNiBfQU$beng$cNiBfQU$dUk$erda
=110  2\$aLivestock and Meat Commission for Northern Ireland,$eauthor.
=245  10$aData matching exercise by the Comptroller and Auditor General to assist in the prevention and detection of fraud in public funds.
=264  \1$aLisburn :$b[Livestock and Meat Commission for Northern Ireland],$c2018.
=300  \\$a1 online resource.
=336  \\$atext$2rdacontent
=337  \\$acomputer$2rdamedia
=338  \\$aonline resource$2rdacarrier
=650  \7$aBusiness.$2fast$0(OCoLC)fst00842262.
=650  \7$aFinance, Public.$2fast$0(OCoLC)fst00924477.
=651  \7$aNorthern Ireland.$2fast$0(OCoLC)fst01205215.
=655  \0$aGovernment publications.
=884  \\$aLDL ebooks transformation to marcxml using queens_eb2marc.xsl$g20190417$kNIOPA_8380$qUk
=859  \\$aELD$bebook
=852  \\$aBritish Library$bHMNTS$cDRT$jELD.DS.416397
=CAT  \\$aBATCH-EBKN$b00$c20190502$lBLL01$h0202
=CAT  \\$aEBKS-FXD$c20190502$lBLL01$h0216
=CAT  \\$aBATCH$b00$c20190502$lBLL01$h0217
=CAT  \\$a6550$b40$c20190523$lBLL01$h1330
=DRT  \\$aLD-ebooks
=SRC  \\$aCollection Metadata
=STA  \\$aSUPPRESSED$bNotice. Out-of-scope for BL collections
=LAS  \\$a6550$b40$c20190523$lBLL01$h1330

