=LDR  01589 am a22003975i 4500
=001  019388148
=003  Uk
=005  20190523132920.0
=006  m\\\\||\\d\|\\\\\\
=007  cr\|||||||||||
=008  190415s2017\\\\nik|||||o||||f||||||eng|d
=FMT  \\$a  BK
=037  \\$aNIOPA_8432$bQueen's University Belfast$nNorthern Ireland Official Publications Repository
=040  \\$aNiBfQU$beng$cNiBfQU$dUk$erda
=110  2\$aNorthern Ireland Statistics & Research Agency,$eauthor.
=245  10$aNISRA and HMRC Joint Statement Regarding the Different Value of Exports Produced by Each Method.
=264  \1$aBelfast :$bNorthern Ireland Statistics & Research Agency,$c[2017]
=300  \\$a1 online resource.
=336  \\$atext$2rdacontent
=337  \\$acomputer$2rdamedia
=338  \\$aonline resource$2rdacarrier
=650  \7$aStatistics.$2fast$0(OCoLC)fst01132103.
=651  \7$aNorthern Ireland.$2fast$0(OCoLC)fst01205215.
=655  \0$aGovernment publications.
=710  1\$aGreat Britain.$bHer Majesty's Revenue and Customs,$eauthor.
=884  \\$aLDL ebooks transformation to marcxml using queens_eb2marc.xsl$g20190417$kNIOPA_8432$qUk
=859  \\$aELD$bebook
=852  \\$aBritish Library$bHMNTS$cDRT$jELD.DS.416408
=CAT  \\$aBATCH-EBKN$b00$c20190502$lBLL01$h0202
=CAT  \\$aEBKS-FXD$c20190502$lBLL01$h0216
=CAT  \\$aBATCH$b00$c20190502$lBLL01$h0217
=CAT  \\$a6550$b40$c20190523$lBLL01$h1329
=DRT  \\$aLD-ebooks
=SRC  \\$aCollection Metadata
=STA  \\$aSUPPRESSED$bNotice. Out-of-scope for BL collections
=LAS  \\$a6550$b40$c20190523$lBLL01$h1329

