=LDR  01909 am a2200517 i 4500
=001  019388156
=003  Uk
=005  20190523123653.0
=006  m\\\\||\\d\|\\\\\\
=007  cr\|||||||||||
=008  190415s2018\\\\nik|||||o||||f||||||eng|d
=FMT  \\$a  BK
=037  \\$aNIOPA_8382$bQueen's University Belfast$nNorthern Ireland Official Publications Repository
=040  \\$aNiBfQU$beng$cNiBfQU$dUk$erda
=042  \\$aukblsr
=082  04$a305$223
=110  2\$aEquality Commission for Northern Ireland,$eauthor.
=245  10$aEquality Scheme 5 Year Review.
=264  \1$a[Belfast] :$b[Equality Commission for Northern Ireland],$c[2018]
=300  \\$a1 online resource.
=336  \\$atext$2rdacontent
=337  \\$acomputer$2rdamedia
=338  \\$aonline resource$2rdacarrier
=610  20$aNorthern Ireland Fishery Harbour Authority.
=650  \7$aEquality.$2fast$0(OCoLC)fst00914456
=650  \7$aDiscrimination in employment.$2fast$0(OCoLC)fst00895050
=651  \7$aNorthern Ireland.$2fast$0(OCoLC)fst01205215.
=655  \0$aGovernment publications.
=690  7\$aSocial Welfare$2blcoll
=884  \\$aLDL ebooks transformation to marcxml using queens_eb2marc.xsl$g20190417$kNIOPA_8382$qUk
=859  \\$aELD$bebook
=852  \\$aBritish Library$bHMNTS$cDRT$jELD.DS.416416
=CAT  \\$aBATCH-EBKN$b00$c20190502$lBLL01$h0202
=CAT  \\$aEBKS-FXD$c20190502$lBLL01$h0216
=CAT  \\$aBATCH$b00$c20190502$lBLL01$h0217
=CAT  \\$a3391$b40$c20190509$lBLL01$h2014
=CAT  \\$a3391$b40$c20190509$lBLL01$h2015
=CAT  \\$a3391$b40$c20190509$lBLL01$h2024
=CAT  \\$a3391$b40$c20190509$lBLL01$h2028
=CAT  \\$aBATCH-SWP$c20190517$lBLL01$h2218
=CAT  \\$a6550$b40$c20190523$lBLL01$h1236
=FIN  \\$aY$d20190509
=DRT  \\$aLD-ebooks
=SRC  \\$aCollection Metadata
=STA  \\$aSUPPRESSED$bDuplicate of #019319211
=LAS  \\$a6550$b40$c20190523$lBLL01$h1236

