=LDR  01569 am a22003855i 4500
=001  019388167
=003  Uk
=005  20190523134459.0
=006  m\\\\||\\d\|\\\\\\
=007  cr\|||||||||||
=008  190415s2017\\\\nik|||||o||||f||||||eng|d
=FMT  \\$a  BK
=037  \\$aNIOPA_8436$bQueen's University Belfast$nNorthern Ireland Official Publications Repository
=040  \\$aNiBfQU$beng$cNiBfQU$dUk$erda
=110  1\$aNorthern Ireland.$bDepartment of Justice,$eauthor.
=245  10$aRegulatory Impact Assessment Screening Form :$bProposals to Amend the 2009 Magistrates' and County Court Appeal Rules Following the Second Statutory Review.
=264  \1$aBelfast :$bDepartment of Justice,$c[2017]
=300  \\$a1 online resource.
=336  \\$atext$2rdacontent
=337  \\$acomputer$2rdamedia
=338  \\$aonline resource$2rdacarrier
=650  \7$aCriminal justice, Administration of.$2fast$0(OCoLC)fst00883246.
=651  \7$aNorthern Ireland.$2fast$0(OCoLC)fst01205215.
=655  \0$aGovernment publications.
=884  \\$aLDL ebooks transformation to marcxml using queens_eb2marc.xsl$g20190417$kNIOPA_8436$qUk
=859  \\$aELD$bebook
=852  \\$aBritish Library$bHMNTS$cDRT$jELD.DS.416427
=CAT  \\$aBATCH-EBKN$b00$c20190502$lBLL01$h0202
=CAT  \\$aEBKS-FXD$c20190502$lBLL01$h0216
=CAT  \\$aBATCH$b00$c20190502$lBLL01$h0217
=CAT  \\$a6550$b40$c20190523$lBLL01$h1344
=DRT  \\$aLD-ebooks
=SRC  \\$aCollection Metadata
=STA  \\$aSUPPRESSED$bForm. Out-of-scope for BL collections
=LAS  \\$a6550$b40$c20190523$lBLL01$h1344

