=LDR  01728 am a22004455i 4500
=001  019388175
=003  Uk
=005  20211109111230.0
=006  m\\\\||\\d\|\\\\\\
=007  cr\|||||||||||
=008  190415s2015\\\\nik|||||o||||f||||||eng|d
=FMT  \\$a  BK
=037  \\$aNIOPA_8577$bQueen's University Belfast$nNorthern Ireland Official Publications Repository
=040  \\$aNiBfQU$beng$cNiBfQU$dUk$erda
=100  1\$aPinkerton, John,$eauthor.
=245  10$aGetting Focused and Staying Focused :$b'Looked After Children', Going Missing and Child Exploitation : A Thematic Review.
=264  \1$aBelfast :$bSafeguarding Board for Northern Ireland,$c[2015]
=300  \\$a1 online resource.
=336  \\$atext$2rdacontent
=337  \\$acomputer$2rdamedia
=338  \\$aonline resource$2rdacarrier
=650  \7$aYouth.$2fast$0(OCoLC)fst01183341.
=651  \7$aNorthern Ireland.$2fast$0(OCoLC)fst01205215.
=655  \0$aGovernment publications.
=700  1\$aBunting, Lisa,$eauthor.
=700  1\$aHayes, David$q(David Alexander),$eauthor.
=700  1\$aLazenbatt, Anne,$eauthor.
=710  2\$aQueen's University Belfast,$eauthor.
=884  \\$aLDL ebooks transformation to marcxml using queens_eb2marc.xsl$g20190417$kNIOPA_8577$qUk
=859  \\$aELD$bebook
=852  \\$aBritish Library$bHMNTS$cDRT$jELD.DS.416435
=CAT  \\$aBATCH-EBKN$b00$c20190502$lBLL01$h0202
=CAT  \\$aEBKS-FXD$c20190502$lBLL01$h0216
=CAT  \\$aBATCH$b00$c20190502$lBLL01$h0217
=CAT  \\$a6550$b40$c20190523$lBLL01$h1244
=CAT  \\$a5194$b40$c20211109$lBLL01$h1112
=DRT  \\$aLD-ebooks
=SRC  \\$aCollection Metadata
=STA  \\$aSUPPRESSED$bDuplicate of Aleph #018238987
=LAS  \\$a5194$b40$c20211109$lBLL01$h1112

