=LDR  01563 am a22003975i 4500
=001  019388184
=003  Uk
=005  20190523124458.0
=006  m\\\\||\\d\|\\\\\\
=007  cr\|||||||||||
=008  190415s2017\\\\nik|||||o||||f||||||eng|d
=FMT  \\$a  BK
=037  \\$aNIOPA_8574$bQueen's University Belfast$nNorthern Ireland Official Publications Repository
=040  \\$aNiBfQU$beng$cNiBfQU$dUk$erda
=110  2\$aNorthern Ireland Statistics & Research Agency,$eauthor.
=245  10$a[2016 estimates of the population aged 85 and over - map 1].
=264  \1$aBelfast :$bNorthern Ireland Statistics & Research Agency,$c[2017]
=300  \\$a1 online resource.
=336  \\$atext$2rdacontent
=337  \\$acomputer$2rdamedia
=338  \\$aonline resource$2rdacarrier
=650  \7$aOlder people.$2fast$0(OCoLC)fst01199093.
=650  \7$aStatistics.$2fast$0(OCoLC)fst01132103.
=651  \7$aNorthern Ireland.$2fast$0(OCoLC)fst01205215.
=655  \0$aGovernment publications.
=884  \\$aLDL ebooks transformation to marcxml using queens_eb2marc.xsl$g20190417$kNIOPA_8574$qUk
=859  \\$aELD$bebook
=852  \\$aBritish Library$bHMNTS$cDRT$jELD.DS.416444
=CAT  \\$aBATCH-EBKN$b00$c20190502$lBLL01$h0202
=CAT  \\$aEBKS-FXD$c20190502$lBLL01$h0216
=CAT  \\$aBATCH$b00$c20190502$lBLL01$h0217
=CAT  \\$a6550$b40$c20190523$lBLL01$h1244
=DRT  \\$aLD-ebooks
=SRC  \\$aCollection Metadata
=STA  \\$aSUPPRESSED$b1 page map from another publication. Out-of-scope for BL collections
=LAS  \\$a6550$b40$c20190523$lBLL01$h1244

