=LDR  01517 am a22004095i 4500
=001  019388212
=003  Uk
=005  20190523133800.0
=006  m\\\\||\\d\|\\\\\\
=007  cr\|||||||||||
=008  190415s2018\\\\nik|||||o||||f||||||eng|d
=FMT  \\$a  BK
=037  \\$aNIOPA_8511$bQueen's University Belfast$nNorthern Ireland Official Publications Repository
=040  \\$aNiBfQU$beng$cNiBfQU$dUk$erda
=110  2\$aElectoral Office for Northern Ireland,$eauthor.
=245  10$aHR Privacy Notice.
=250  \\$aMay 2018.
=264  \1$aBelfast :$bThe Electoral Office for Northern Ireland,$c[2018]
=300  \\$a1 online resource.
=336  \\$atext$2rdacontent
=337  \\$acomputer$2rdamedia
=338  \\$aonline resource$2rdacarrier
=650  \7$aPublic administration.$2fast$0(OCoLC)fst01081976.
=651  \7$aNorthern Ireland.$2fast$0(OCoLC)fst01205215.
=655  \0$aGovernment publications.
=884  \\$aLDL ebooks transformation to marcxml using queens_eb2marc.xsl$g20190417$kNIOPA_8511$qUk
=859  \\$aELD$bebook
=852  \\$aBritish Library$bHMNTS$cDRT$jELD.DS.416472
=CAT  \\$aBATCH-EBKN$b00$c20190502$lBLL01$h0202
=CAT  \\$aEBKS-FXD$c20190502$lBLL01$h0216
=CAT  \\$aBATCH$b00$c20190502$lBLL01$h0217
=CAT  \\$a6550$b40$c20190523$lBLL01$h1338
=CAT  \\$a8964$b40$c20190523$lBLL01$h1508
=DRT  \\$aLD-ebooks
=SRC  \\$aCollection Metadata
=STA  \\$aSUPPRESSED$bPrivacy notice. Out-of-scope for BL collections.
=LAS  \\$a8964$b40$c20190523$lBLL01$h1508

