=LDR  00981cam a22003135i 4500
=001  019390636
=003  Uk
=005  20230731124741.0
=006  m\\\\||\\d\|\\\\\\
=007  cr\|||||||||||
=008  190504s2017\\\\xxk|||||o\\\\||||\||eng\\
=FMT  \\$a  BK
=040  \\$aUk$beng$cUk
=245  00$aMeasuring tax gaps 2017 edition :$bTax Gap estimates for 2015-2016.
=264  \1$aLondon :$bHM Revenue & Customs,$c2017.
=300  \\$a1 online resource.
=336  \\$atext$2rdacontent
=337  \\$acomputer$2rdamedia
=338  \\$aonline resource$2rdacarrier
=859  \\$aELD$bebook
=852  \\$aBritish Library$bHMNTS$cDRT$jELD.DS.418221
=CAT  \\$aBATCH-EBKN$b00$c20190504$lBLL01$h0202
=CAT  \\$aEBKS-FXD$c20190504$lBLL01$h0207
=CAT  \\$aBATCH$b00$c20190504$lBLL01$h0208
=CAT  \\$a15190$b40$c20230731$lBLL01$h1247
=DRT  \\$aLD-ebooks
=SRC  \\$aSubmission Portal
=STA  \\$aSUPPRESSED$bRebatched as Serial
=LAS  \\$a15190$b40$c20230731$lBLL01$h1247

