=LDR  00979 am a22003135i 4500
=001  019416816
=003  Uk
=005  20200820083005.0
=006  m\\\\||\\d\|\\\\\\
=007  cr\|||||||||||
=008  190526s2019\\\\xxk|||||o\\\\||||\||eng\\
=FMT  \\$a  BK
=040  \\$aUk$beng$cUk
=245  00$a25 Year Environment Plan Progress Report :$bJanuary 2018 to March 2019.
=264  \1$aLondon :$bHM Government,$c2019.
=300  \\$a1 online resource.
=336  \\$atext$2rdacontent
=337  \\$acomputer$2rdamedia
=338  \\$aonline resource$2rdacarrier
=859  \\$aELD$bebook
=852  \\$aBritish Library$bHMNTS$cDRT$jELD.DS.428296
=CAT  \\$aBATCH-EBKN$b00$c20190526$lBLL01$h0202
=CAT  \\$aEBKS-FXD$c20190526$lBLL01$h0207
=CAT  \\$aBATCH$b00$c20190526$lBLL01$h0208
=CAT  \\$a15020$b40$c20200820$lBLL01$h0830
=DRT  \\$aLD-ebooks
=SRC  \\$aSubmission Portal
=STA  \\$aSUPPRESSED$bRe-batched as Serial
=LAS  \\$a15020$b40$c20200820$lBLL01$h0830

