=LDR  01162 am a22003615i 4500
=001  019416855
=003  Uk
=005  20210512082348.0
=006  m\\\\||\\d\|\\\\\\
=007  cr\|||||||||||
=008  190526s2019\\\\xxk|||||o\\\\||||\||eng\\
=FMT  \\$a  BK
=020  \\$a9781912386215
=040  \\$aUk$beng$cUk
=245  00$aA-Z of Plant & Machinery 2019-20.
=264  \1$aChester :$bClaritax Books,$c2019.
=300  \\$a1 online resource.
=336  \\$atext$2rdacontent
=337  \\$acomputer$2rdamedia
=338  \\$aonline resource$2rdacarrier
=500  \\$aGuide to which items qualify as plant or machinery for capital allowances purposes.
=720  0\$aChidell, Ray; Iles, Jake
=859  \\$aELD$bebook
=852  \\$aBritish Library$bHMNTS$cDRT$jELD.DS.428335
=CAT  \\$aBATCH-EBKN$b00$c20190526$lBLL01$h0202
=CAT  \\$aEBKS-FXD$c20190526$lBLL01$h0207
=CAT  \\$aBATCH$b00$c20190526$lBLL01$h0208
=CAT  \\$a15020$b40$c20210512$lBLL01$h0807
=CAT  \\$a15020$b40$c20210512$lBLL01$h0823
=DRT  \\$aLD-ebooks
=SRC  \\$aSubmission Portal
=STA  \\$aSUPPRESSED$bRebatched as Serial
=LAS  \\$a15020$b40$c20210512$lBLL01$h0823

