=LDR  01614 am a22003855i 4500
=001  019416977
=003  Uk
=005  20190607094818.0
=006  m\\\\||\\d\|\\\\\\
=007  cr\|||||||||||
=008  190522s2017\\\\nik|||||o||||f||||||eng|d
=FMT  \\$a  BK
=037  \\$aNIOPA_8548$bQueen's University Belfast$nNorthern Ireland Official Publications Repository
=040  \\$aNiBfQU$beng$cNiBfQU$dUk$erda
=110  1\$aNorthern Ireland.$bDepartment of Education.$bTransport and School Meals Team,$eauthor.
=245  10$aEquality and Human Rights Policy Screening for New Eligibility Criterion for Free School Meals and Uniform Grants :$bJuly 2017 - Update to Screening Post Consultation.
=264  \1$aBangor :$bDepartment of Education,$c2017.
=300  \\$a1 online resource.
=336  \\$atext$2rdacontent
=337  \\$acomputer$2rdamedia
=338  \\$aonline resource$2rdacarrier
=650  \7$aSchools.$2fast$0(OCoLC)fst01107958.
=651  \7$aNorthern Ireland.$2fast$0(OCoLC)fst01205215.
=655  \0$aGovernment publications.
=884  \\$aLDL ebooks transformation to marcxml using queens_eb2marc.xsl$g20190524$kNIOPA_8548$qUk
=859  \\$aELD$bebook
=852  \\$aBritish Library$bHMNTS$cDRT$jELD.DS.428533
=CAT  \\$aBATCH-EBKN$b00$c20190527$lBLL01$h0200
=CAT  \\$aEBKS-FXD$c20190527$lBLL01$h0206
=CAT  \\$aBATCH$b00$c20190527$lBLL01$h0207
=CAT  \\$a8874$b40$c20190607$lBLL01$h0948
=DRT  \\$aLD-ebooks
=SRC  \\$aCollection Metadata
=STA  \\$aSUPPRESSED$bEquality screening template/form. Out-of-scope for BL collections
=LAS  \\$a8874$b40$c20190607$lBLL01$h0948

