=LDR  01750 am a2200457 i 4500
=001  019416999
=003  Uk
=005  20190607094524.0
=006  m\\\\||\\d\|\\\\\\
=007  cr\|||||||||||
=008  190522s2017\\\\nik|||||o||||f||||||eng|d
=FMT  \\$a  BK
=037  \\$aNIOPA_8636$bQueen's University Belfast$nNorthern Ireland Official Publications Repository
=040  \\$aNiBfQU$beng$cNiBfQU$dUk$erda
=042  \\$aukblsr
=082  04$a371.9$223
=110  1\$aNorthern Ireland.$bDepartment of Education.$bEducation and Training Inspectorate,$eauthor.
=245  10$aEffective Practice and Self-Evaluation Questions for Special Education.
=264  \1$a[Bangor] :$bEducation and Training Inspectorate,$c2017.
=300  \\$a1 online resource.
=336  \\$atext$2rdacontent
=337  \\$acomputer$2rdamedia
=338  \\$aonline resource$2rdacarrier
=650  \7$aSchools.$2fast$0(OCoLC)fst01107958
=650  \7$aSpecial education.$2fast$0(OCoLC)fst01128842
=650  \7$aSpecial education$xEvaluation.$2fast$0(OCoLC)fst01128860
=651  \7$aNorthern Ireland.$2fast$0(OCoLC)fst01205215
=655  \0$aGovernment publications.
=884  \\$aLDL ebooks transformation to marcxml using queens_eb2marc.xsl$g20190524$kNIOPA_8636$qUk
=859  \\$aELD$bebook
=852  \\$aBritish Library$bHMNTS$cDRT$jELD.DS.428555
=CAT  \\$aBATCH-EBKN$b00$c20190527$lBLL01$h0200
=CAT  \\$aEBKS-FXD$c20190527$lBLL01$h0206
=CAT  \\$aBATCH$b00$c20190527$lBLL01$h0207
=CAT  \\$a7907$b40$c20190605$lBLL01$h1532
=CAT  \\$a8874$b40$c20190607$lBLL01$h0945
=FIN  \\$aY$d20190605
=DRT  \\$aLD-ebooks
=SRC  \\$aCollection Metadata
=STA  \\$aSUPPRESSED$bDuplicate of 018641073
=LAS  \\$a8874$b40$c20190607$lBLL01$h0945

