=LDR  01717 am a22004215i 4500
=001  019417004
=003  Uk
=005  20190607094713.0
=006  m\\\\||\\d\|\\\\\\
=007  cr\|||||||||||
=008  190522s2018\\\\nik|||||o||||f||||||eng|d
=FMT  \\$a  BK
=037  \\$aNIOPA_8657$bQueen's University Belfast$nNorthern Ireland Official Publications Repository
=040  \\$aNiBfQU$beng$cNiBfQU$dUk$erda
=110  2\$aSouthern Health and Social Care Trust (Northern Ireland),$eauthor.
=245  10$aEquality Scheme :$bDrawn up in accordance with Section 75 and Schedule 9 of the Northern Ireland Act 1998.
=250  \\$aupdated.
=264  \1$aPortadown :$bSouthern Health and Social Care Trust (Northern Ireland),$c2018.
=300  \\$a1 online resource.
=336  \\$atext$2rdacontent
=337  \\$acomputer$2rdamedia
=338  \\$aonline resource$2rdacarrier
=650  \7$aHealth.$2fast$0(OCoLC)fst00952743.
=650  \7$aManagement.$2fast$0(OCoLC)fst01007141.
=650  \7$aNational health services.$2fast$0(OCoLC)fst01033565.
=651  \7$aNorthern Ireland.$2fast$0(OCoLC)fst01205215.
=655  \0$aGovernment publications.
=884  \\$aLDL ebooks transformation to marcxml using queens_eb2marc.xsl$g20190524$kNIOPA_8657$qUk
=859  \\$aELD$bebook
=852  \\$aBritish Library$bHMNTS$cDRT$jELD.DS.428560
=CAT  \\$aBATCH-EBKN$b00$c20190527$lBLL01$h0200
=CAT  \\$aEBKS-FXD$c20190527$lBLL01$h0206
=CAT  \\$aBATCH$b00$c20190527$lBLL01$h0207
=CAT  \\$a8874$b40$c20190607$lBLL01$h0947
=DRT  \\$aLD-ebooks
=SRC  \\$aCollection Metadata
=STA  \\$aSUPPRESSED$bEquality screening template/form. Out-of-scope for BL collections
=LAS  \\$a8874$b40$c20190607$lBLL01$h0947

