=LDR  01436 am a22003855i 4500
=001  019417016
=003  Uk
=005  20190607094444.0
=006  m\\\\||\\d\|\\\\\\
=007  cr\|||||||||||
=008  190522s2017\\\\nik|||||o||||f||||||eng|d
=FMT  \\$a  BK
=037  \\$aNIOPA_8639$bQueen's University Belfast$nNorthern Ireland Official Publications Repository
=040  \\$aNiBfQU$beng$cNiBfQU$dUk$erda
=110  2\$aEducation and Training Inspectorate,$eauthor.
=245  10$aEffective Practice and Self-Evaluation Questions for Youth.
=264  \1$aBangor :$bEducation and Training Inspectorate,$c2017.
=300  \\$a1 online resource.
=336  \\$atext$2rdacontent
=337  \\$acomputer$2rdamedia
=338  \\$aonline resource$2rdacarrier
=650  \7$aEducation.$2fast$0(OCoLC)fst00902499.
=651  \7$aNorthern Ireland.$2fast$0(OCoLC)fst01205215.
=655  \0$aGovernment publications.
=884  \\$aLDL ebooks transformation to marcxml using queens_eb2marc.xsl$g20190524$kNIOPA_8639$qUk
=859  \\$aELD$bebook
=852  \\$aBritish Library$bHMNTS$cDRT$jELD.DS.428572
=CAT  \\$aBATCH-EBKN$b00$c20190527$lBLL01$h0200
=CAT  \\$aEBKS-FXD$c20190527$lBLL01$h0206
=CAT  \\$aBATCH$b00$c20190527$lBLL01$h0207
=CAT  \\$a8874$b40$c20190607$lBLL01$h0944
=DRT  \\$aLD-ebooks
=SRC  \\$aCollection Metadata
=STA  \\$aSUPPRESSED$bDuplicate of 018641053
=LAS  \\$a8874$b40$c20190607$lBLL01$h0944

