=LDR  01470 am a22003975i 4500
=001  019417043
=003  Uk
=005  20190607094604.0
=006  m\\\\||\\d\|\\\\\\
=007  cr\|||||||||||
=008  190522s2011\\\\nik|||||o||||f||||||eng|d
=FMT  \\$a  BK
=037  \\$aNIOPA_8811$bQueen's University Belfast$nNorthern Ireland Official Publications Repository
=040  \\$aNiBfQU$beng$cNiBfQU$dUk$erda
=110  2\$aMiddletown Centre for Autism (Northern Ireland),$eauthor.
=245  10$aEducational Assessment.
=264  \1$aMiddletown :$bMiddletown Centre for Autism,$c[2011]
=300  \\$a1 online resource.
=336  \\$atext$2rdacontent
=337  \\$acomputer$2rdamedia
=338  \\$aonline resource$2rdacarrier
=490  0\$aResearch Bulletin ;$v2
=650  \7$aSpecial education.$2fast$0(OCoLC)fst01128842.
=651  \7$aNorthern Ireland.$2fast$0(OCoLC)fst01205215.
=655  \0$aGovernment publications.
=884  \\$aLDL ebooks transformation to marcxml using queens_eb2marc.xsl$g20190524$kNIOPA_8811$qUk
=859  \\$aELD$bebook
=852  \\$aBritish Library$bHMNTS$cDRT$jELD.DS.428599
=CAT  \\$aBATCH-EBKN$b00$c20190527$lBLL01$h0200
=CAT  \\$aEBKS-FXD$c20190527$lBLL01$h0206
=CAT  \\$aBATCH$b00$c20190527$lBLL01$h0207
=CAT  \\$a8874$b40$c20190607$lBLL01$h0946
=DRT  \\$aLD-ebooks
=SRC  \\$aCollection Metadata
=STA  \\$aSUPPRESSED$bPublished in 2011 so pre-dates NPLD
=LAS  \\$a8874$b40$c20190607$lBLL01$h0946

