=LDR  01559 am a22003975i 4500
=001  019417044
=003  Uk
=005  20190607095108.0
=006  m\\\\||\\d\|\\\\\\
=007  cr\|||||||||||
=008  190522s2017\\\\nik|||||o||||f||||||eng|d
=FMT  \\$a  BK
=037  \\$aNIOPA_8693$bQueen's University Belfast$nNorthern Ireland Official Publications Repository
=040  \\$aNiBfQU$beng$cNiBfQU$dUk$erda
=110  2\$aWSP Development and Transportation (Firm),$eauthor.
=245  10$aMasterplan for Active and Sustainable Transport Assessment [Appendix 4].
=264  \1$aBelfast :$bDepartment for Infrastructure,$c2017.
=300  \\$a1 online resource.
=336  \\$atext$2rdacontent
=337  \\$acomputer$2rdamedia
=338  \\$aonline resource$2rdacarrier
=650  \7$aRoads.$2fast$0(OCoLC)fst01098511.
=650  \7$aTransportation.$2fast$0(OCoLC)fst01155007.
=651  \7$aNorthern Ireland.$2fast$0(OCoLC)fst01205215.
=655  \0$aGovernment publications.
=884  \\$aLDL ebooks transformation to marcxml using queens_eb2marc.xsl$g20190524$kNIOPA_8693$qUk
=859  \\$aELD$bebook
=852  \\$aBritish Library$bHMNTS$cDRT$jELD.DS.428600
=CAT  \\$aBATCH-EBKN$b00$c20190527$lBLL01$h0200
=CAT  \\$aEBKS-FXD$c20190527$lBLL01$h0206
=CAT  \\$aBATCH$b00$c20190527$lBLL01$h0207
=CAT  \\$a8874$b40$c20190607$lBLL01$h0951
=DRT  \\$aLD-ebooks
=SRC  \\$aCollection Metadata
=STA  \\$aSUPPRESSED$bAppendix to another publication and of no value on its own - Social Sciences
=LAS  \\$a8874$b40$c20190607$lBLL01$h0951

