=LDR  01284cam a22003975i 4500
=001  019421003
=003  Uk
=005  20220110155537.0
=006  m\\\\||\\d\|\\\\\\
=007  cr\|||||||||||
=008  190528s2019\\\\|||||||fo\\\\||||\||eng\\
=FMT  \\$a  BK
=020  \\$a9788131254202$qEPUB
=020  \\$a8131254208$qEPUB
=037  \\$a9788131254202$bIngram Content Group
=040  \\$aUk$beng$cUk
=245  00$aBLACK'S MEDICAL-SURGICAL NURSING , First South Asia Edition, E-Book /$cMalarvizhi S., Renuka Gugan.
=264  \1$bElsevier India,$c2019.
=300  \\$a1 online resource (2378 pages)
=336  \\$atext$2rdacontent
=337  \\$acomputer$2rdamedia
=338  \\$aonline resource$2rdacarrier
=700  1\$aS., Malarvizhi$eeditor
=700  1\$aGugan, Renuka$eeditor
=859  \\$aELD$bebook
=852  \\$aBritish Library$bHMNTS$cDRT$jELD.DS.429168
=CAT  \\$aBATCH-EBKN$b00$c20190531$lBLL01$h0201
=CAT  \\$aEBKS-FXD$c20190531$lBLL01$h0207
=CAT  \\$aBATCH$b00$c20190531$lBLL01$h0208
=CAT  \\$a7183$b40$c20220110$lBLL01$h1555
=DRT  \\$aLD-ebooks
=SRC  \\$aIngrams
=STA  \\$aSUPPRESSED$bE-content not eligible for Non-Print Legal Deposit
=ONX  \\$aIN
=ONS  \7$aMED$x058220$2bisacsh
=LAS  \\$a7183$b40$c20220110$lBLL01$h1555

