=LDR  01037 am a22003255i 4500
=001  019426056
=003  Uk
=005  20191018104141.0
=006  m\\\\||\\d\|\\\\\\
=007  cr\|||||||||||
=008  190603s2019\\\\xxk|||||o\\\\||||\||eng\\
=FMT  \\$a  BK
=040  \\$aUk$beng$cUk
=245  00$aRTFO Guidance Part One Process Guidance :$b2019: 01/01/19 to 31/12/19Moving Britain Ahead.
=264  \1$aLondon :$bDepartment for Transport,$c2019.
=300  \\$a1 online resource.
=336  \\$atext$2rdacontent
=337  \\$acomputer$2rdamedia
=338  \\$aonline resource$2rdacarrier
=500  \\$aVersion 2019
=859  \\$aELD$bebook
=852  \\$aBritish Library$bHMNTS$cDRT$jELD.DS.430516
=CAT  \\$aBATCH-EBKN$b00$c20190603$lBLL01$h0201
=CAT  \\$aEBKS-FXD$c20190603$lBLL01$h0204
=CAT  \\$aBATCH$b00$c20190603$lBLL01$h0205
=CAT  \\$a10902$b40$c20191018$lBLL01$h1041
=DRT  \\$aLD-ebooks
=SRC  \\$aSubmission Portal
=STA  \\$aSUPPRESSED$bRebatched as Serial
=LAS  \\$a10902$b40$c20191018$lBLL01$h1041

