=LDR  02004cam a22005531i 4500
=001  019430527
=003  Uk
=005  20230208111226.0
=006  m\\\\||\\d\|\\\\\\
=007  cr\|||||||||||
=008  190403s2019\\\\enk\\\\\o\\\\\000|f|eng\d
=FMT  \\$a  BK
=015  \\$aGBB9A4068$2bnb
=037  \\$a474a7eab-9521-4136-86ef-0b727ebea299$bVearsa
=040  \\$aStDuBDS$beng$cStDuBDS$dUk$erda$epn
=042  \\$aukblsr
=100  1\$aShiner, Lewis,$eauthor.
=245  10$aBlack & white /$cLewis Shiner.
=264  \1$aLondon :$bHead of Zeus,$c2019.
=300  \\$a1 online resource.
=336  \\$atext$2rdacontent
=337  \\$acomputer$2rdamedia
=338  \\$aonline resource$2rdacarrier
=588  \\$aDescription based on CIP data; resource not viewed.
=650  \7$aFiction$xThrillers.$2bisacsh
=650  \7$aFiction$xPolitical.$2bisacsh
=650  \7$aThriller / suspense.$2bicssc
=650  \7$aFiction$xFamily Life.$2bisacsh
=655  \0$aSuspense fiction.
=650  \7$aModern & contemporary fiction (post c 1945).$2bicssc
=884  \\$aLDL ebooks ONIX to marcxml transformation using Record_Load-eBooks_Legal_Deposit_onix2marc_v2-1.xsl$g20190711$k474a7eab-9521-4136-86ef-0b727ebea299$qUk
=859  \\$aELD$bebook
=852  \\$aBritish Library$bHMNTS$cDRT$jELD.DS.438737$qImperfect: incorrect title sent.
=CAT  \\$aBATCH-CIPN$b00$c20190604$lBLL01$h1727
=CAT  \\$aBATCH-EBKE$b00$c20190714$lBLL01$h0207
=CAT  \\$aEBKS-FXD$c20190714$lBLL01$h0209
=CAT  \\$aBATCH$b00$c20190714$lBLL01$h0209
=CAT  \\$aBATCH-UPD$b00$c20190714$lBLL01$h0209
=CAT  \\$aBATCH-CIPC$b00$c20190723$lBLL01$h1707
=CAT  \\$a11279$b40$c20230208$lBLL01$h1112
=FIN  \\$aY$d20190714
=DRT  \\$aLD-ebooks
=STA  \\$aSUPPRESSED$bE-content not adequate for display
=ONS  \7$aFIC$x031000$2bisacsh
=ONS  \7$aFIC$x037000$2bisacsh
=ONS  \7$aFH$2bicssc
=ONS  \7$aFIC$x045000$2bisacsh
=ONS  \7$aFA$2bicssc
=LAS  \\$a11279$b40$c20230208$lBLL01$h1112

