=LDR  01419 am a22003855i 4500
=001  019447047
=003  Uk
=005  20190716094259.0
=006  m\\\\||\\d\|\\\\\\
=007  cr\|||||||||||
=008  190617s2018\\\\nik|||||o||||f||||||eng|d
=FMT  \\$a  BK
=037  \\$aNIOPA_8836$bQueen's University Belfast$nNorthern Ireland Official Publications Repository
=040  \\$aNiBfQU$beng$cNiBfQU$dUk$erda
=110  2\$aControlled Schools' Support Council,$eauthor.
=245  10$aCSSC privacy notice.
=264  \1$aBelfast :$bControlled Schools' Support Council,$c2018.
=300  \\$a1 online resource.
=336  \\$atext$2rdacontent
=337  \\$acomputer$2rdamedia
=338  \\$aonline resource$2rdacarrier
=650  \7$aPublic administration.$2fast$0(OCoLC)fst01081976.
=651  \7$aNorthern Ireland.$2fast$0(OCoLC)fst01205215.
=655  \0$aGovernment publications.
=884  \\$aLDL ebooks transformation to marcxml using queens_eb2marc.xsl$g20190624$kNIOPA_8836$qUk
=859  \\$aELD$bebook
=852  \\$aBritish Library$bHMNTS$cDRT$jELD.DS.433425
=CAT  \\$aBATCH-EBKN$b00$c20190627$lBLL01$h0211
=CAT  \\$aEBKS-FXD$c20190627$lBLL01$h0221
=CAT  \\$aBATCH$b00$c20190627$lBLL01$h0222
=CAT  \\$a8874$b40$c20190716$lBLL01$h0942
=DRT  \\$aLD-ebooks
=SRC  \\$aCollection Metadata
=STA  \\$aSUPPRESSED$bOut-of-scope for BL collections
=LAS  \\$a8874$b40$c20190716$lBLL01$h0942

