=LDR  01509 am a22003975i 4500
=001  019447066
=003  Uk
=005  20190716094846.0
=006  m\\\\||\\d\|\\\\\\
=007  cr\|||||||||||
=008  190617s2009\\\\nik|||||o||||f||||||eng|d
=FMT  \\$a  BK
=037  \\$aNIOPA_8865$bQueen's University Belfast$nNorthern Ireland Official Publications Repository
=040  \\$aNiBfQU$beng$cNiBfQU$dUk$erda
=110  2\$aMouchel Group,$eauthor.
=245  10$a[A5 Western Transport Corridor] :$b[Stage 3 Scheme Assessment Report : Part 2 (SAR3) - Volume 1 : Appendices].
=250  \\$aIssue 3.
=264  \1$aBelfast :$bDepartment for Infrastructure,$c2009.
=300  \\$a1 online resource.
=336  \\$atext$2rdacontent
=337  \\$acomputer$2rdamedia
=338  \\$aonline resource$2rdacarrier
=650  \7$aEnvironmental policy.$2fast$0(OCoLC)fst00913250.
=651  \7$aNorthern Ireland.$2fast$0(OCoLC)fst01205215.
=655  \0$aGovernment publications.
=884  \\$aLDL ebooks transformation to marcxml using queens_eb2marc.xsl$g20190624$kNIOPA_8865$qUk
=859  \\$aELD$bebook
=852  \\$aBritish Library$bHMNTS$cDRT$jELD.DS.433444
=CAT  \\$aBATCH-EBKN$b00$c20190627$lBLL01$h0211
=CAT  \\$aEBKS-FXD$c20190627$lBLL01$h0221
=CAT  \\$aBATCH$b00$c20190627$lBLL01$h0222
=CAT  \\$a8874$b40$c20190716$lBLL01$h0948
=DRT  \\$aLD-ebooks
=SRC  \\$aCollection Metadata
=STA  \\$aSUPPRESSED$bPublished in 2009 so pre-dates NPLD
=LAS  \\$a8874$b40$c20190716$lBLL01$h0948

