=LDR  01478 am a22003735i 4500
=001  019447075
=003  Uk
=005  20190716094734.0
=006  m\\\\||\\d\|\\\\\\
=007  cr\|||||||||||
=008  190617s2016\\\\nik|||||o||||f||||||eng|d
=FMT  \\$a  BK
=037  \\$aNIOPA_8918$bQueen's University Belfast$nNorthern Ireland Official Publications Repository
=040  \\$aNiBfQU$beng$cNiBfQU$dUk$erda
=110  1\$aNorthern Ireland.$bOffice of the Chief Electoral Officer,$eauthor.
=245  10$aEuropean Union Referendum Turnout by Constituency :$bVoting Area Northern Ireland, Date of Referendum 23 June 2016.
=264  \1$aBelfast :$b[The Electoral Office for Northern Ireland],$c[2016]
=300  \\$a1 online resource.
=336  \\$atext$2rdacontent
=337  \\$acomputer$2rdamedia
=338  \\$aonline resource$2rdacarrier
=651  \7$aNorthern Ireland.$2fast$0(OCoLC)fst01205215.
=655  \0$aGovernment publications.
=884  \\$aLDL ebooks transformation to marcxml using queens_eb2marc.xsl$g20190624$kNIOPA_8918$qUk
=859  \\$aELD$bebook
=852  \\$aBritish Library$bHMNTS$cDRT$jELD.DS.433453
=CAT  \\$aBATCH-EBKN$b00$c20190627$lBLL01$h0211
=CAT  \\$aEBKS-FXD$c20190627$lBLL01$h0221
=CAT  \\$aBATCH$b00$c20190627$lBLL01$h0222
=CAT  \\$a8874$b40$c20190716$lBLL01$h0947
=DRT  \\$aLD-ebooks
=SRC  \\$aCollection Metadata
=STA  \\$aSUPPRESSED$bOut-of-scope for BL collections
=LAS  \\$a8874$b40$c20190716$lBLL01$h0947

