=LDR  01836 am a22005057i 4500
=001  019447117
=003  Uk
=005  20200807080400.0
=006  m\\\\||\\d\|\\\\\\
=007  cr\|||||||||||
=008  190211s2019\\\\stk\\\\\os\\\f000\0\eng\d
=FMT  \\$a  BK
=037  \\$a189748397$bNational Library of Scotland
=040  \\$aStEdNL$beng$cStEdNL$dUk$erda
=130  0\$aScottish Parliament statistics (2017-2018)
=245  10$aScottish Parliament statistics :$b2017-2018.
=264  \1$aEdinburgh :$bScottish Parliamentary Corporate Body,$c2019.
=300  \\$a1 online resource (136 pages)
=336  \\$atext$2rdacontent
=337  \\$acomputer$2rdamedia
=338  \\$aonline resource$2rdacarrier
=538  \\$aSystem requirements: Adobe Reader required to view PDF document.
=588  \\$aDescription from online resource; title from PDF title page (Scottish Parliamentary Corporate Body, viewed February 11, 2019)
=500  \\$a"SP Paper 465"
=500  \\$a"Session 5 (2019)".
=651  \7$aScotland.$2fast$0(OCoLC)fst01206715
=710  1\$aScotland.$bParliament.$bCorporate Body,$eissuing body.
=884  \\$aLDL ebooks transformation to marcxml using nls_eb2marc.xsl$g20190612$k189748397$qUk
=859  \\$aELD$bebook
=852  \\$aBritish Library$bHMNTS$cDRT$jELD.DS.433495
=CAT  \\$aBATCH-EBKN$b00$c20190627$lBLL01$h0211
=CAT  \\$aBATCH-UPD$b00$c20190627$lBLL01$h0212
=CAT  \\$aEBKS-FXD$c20190627$lBLL01$h0221
=CAT  \\$aBATCH$b00$c20190627$lBLL01$h0222
=CAT  \\$a2006-0850$c20200707$lBLL01$h1411
=CAT  \\$a8874$b40$c20200807$lBLL01$h0804
=DRT  \\$aLD-ebooks
=SRC  \\$aCollection Metadata
=STA  \\$aSUPPRESSED$bEBL duplicate
=919  \\$aSPP
=919  \\$aELD
=919  \\$aVED
=919  \\$aNBS
=948  \\$aSGSP 0419
=LAS  \\$a8874$b40$c20200807$lBLL01$h0804

