=LDR  02614cam a22004095i 4500
=001  019450404
=003  Uk
=005  20220110160500.0
=006  m\\\\||\\d\|\\\\\\
=007  cr\|||||||||||
=008  190628s2019\\\\|||||||fo\\\\||||\||eng\\
=FMT  \\$a  BK
=020  \\$a9788131254073$qEPUB
=020  \\$a8131254070$qEPUB
=037  \\$a9788131254073$bIngram Content Group
=040  \\$aUk$beng$cUk
=245  00$aMcDonald and Avery's Dentistry for the Child and Adolescent-- E Book :$bSecond South Asia Edition /$cBM Shanthala.
=250  \\$a2nd
=264  \1$bElsevier India,$c2019.
=300  \\$a1 online resource (436 pages)
=336  \\$atext$2rdacontent
=337  \\$acomputer$2rdamedia
=338  \\$aonline resource$2rdacarrier
=505  0\$a<ol><li>Introduction to Pediatric and Preventive Dentistry</li> <p><li>Growth and Development (Face including Maxilla and Mandible)</li> <p><li>Development of Occlusion from Birth to Adolescence</li> <p><li>Dental Anatomy of Primary Teeth and Clinical Significance </li> <p><li>Dental Caries in the Child and Adolescent </li> <p><li>Dental Materials Commonly used in Pediatric Dentistry Restoration (An Outline)</li> <p><li>Examination of the Mouth and Other Relevant Structures</li> <p><li>Pediatric Operative Dentistry</li> <p><li>Gingival and Periodontal diseases in children </li> <p><li>Radiographic Techniques in Pediatric Dentistry </li> <p><li>Child Psychology </li> <p><li>Nonpharmacologic Management of Children's Behaviors </li> <p><li>Fluorides</li> <p><li>Pediatric Endodontics</li> <p><li>Traumatic Injuries</li> <p><li>Preventive and Interceptive Orthodontics </li> <p><li>Oral Habits in Children</li> <p><li>Dental Management of Children with Special Health Care Needs</li> <p><li>Oral Surgical Procedures in Children </li> <p><li>Preventive Dentistry</li> <p><li>Nanodentistry </li> <p><li>Dental Health Education and Dental Health Program</li> <p><li>Importance of Dental Home </li> <p><li>Dental Emergencies in Children and their Management </li> </ol> <p>Pediatric Dentistry Practice Management</p>
=700  1\$aShanthala, BM$eeditor
=859  \\$aELD$bebook
=852  \\$aBritish Library$bHMNTS$cDRT$jELD.DS.435549
=CAT  \\$aBATCH-EBKN$b00$c20190701$lBLL01$h0201
=CAT  \\$aEBKS-FXD$c20190701$lBLL01$h0207
=CAT  \\$aBATCH$b00$c20190701$lBLL01$h0207
=CAT  \\$a7183$b40$c20220110$lBLL01$h1605
=DRT  \\$aLD-ebooks
=SRC  \\$aIngrams
=STA  \\$aSUPPRESSED$bE-content not eligible for Non-Print Legal Deposit
=ONX  \\$aIN
=ONS  \7$aMED$x016000$2bisacsh
=LAS  \\$a7183$b40$c20220110$lBLL01$h1605

