=LDR  01684cam a22004335i 4500
=001  019459780
=003  Uk
=005  20220110161134.0
=006  m\\\\||\\d\|\\\\\\
=007  cr\|||||||||||
=008  190702s2019\\\\|||||||fo\\\\||||\||eng\\
=FMT  \\$a  BK
=020  \\$a9788131255759$qEPUB
=020  \\$a8131255751$qEPUB
=037  \\$a9788131255759$bIngram Content Group
=040  \\$aUk$beng$cUk
=245  00$aGrays Anatomy For Students-First South Asia Edition E-Book /$cRaveendranath Veeramani, Sunil Jonathan Holla, Parkash Chand, Sunil Chumber.
=250  \\$a2nd
=264  \1$bElsevier,$c2019.
=300  \\$a1 online resource (1434 pages)
=336  \\$atext$2rdacontent
=337  \\$acomputer$2rdamedia
=338  \\$aonline resource$2rdacarrier
=505  0\$a<b> <p>Volume I</p> <ul></b> <p><li>The body</li> <p><li>Upper limb</li> <p><li>Lower limb</li> <p><li>Abdomen</li> <p><li>Pelvis and Perineum</li> </ul><b> <p>Volume II</p> <ul></b> <p><li>Thorax</li> <p><li>Back</li> <p><li>Head & Neck</li> <p><li>Neuroanatomy</li> </ul>
=700  1\$aVeeramani, Raveendranath$eeditor
=700  1\$aHolla, Sunil Jonathan$eeditor
=700  1\$aChand, Parkash$eeditor
=700  1\$aChumber, Sunil$eeditor
=859  \\$aELD$bebook
=852  \\$aBritish Library$bHMNTS$cDRT$jELD.DS.436219
=CAT  \\$aBATCH-EBKN$b00$c20190705$lBLL01$h0202
=CAT  \\$aEBKS-FXD$c20190705$lBLL01$h0211
=CAT  \\$aBATCH$b00$c20190705$lBLL01$h0212
=CAT  \\$a7183$b40$c20220110$lBLL01$h1611
=DRT  \\$aLD-ebooks
=SRC  \\$aIngrams
=STA  \\$aSUPPRESSED$bE-content not eligible for Non-Print Legal Deposit
=ONX  \\$aIN
=LAS  \\$a7183$b40$c20220110$lBLL01$h1611

