=LDR  01941cam a22004937i 4500
=001  019465190
=003  Uk
=005  20230223170921.0
=006  m\\\\||\\d\|\\\\\\
=007  cr\|||||||||||
=008  190211s2019\\\\stk\\\\\os\\\f000\0\eng\d
=FMT  \\$a  BK
=037  \\$a189748397$bNational Library of Scotland
=040  \\$aStEdNL$beng$cStEdNL$dUk$erda
=082  04$a328.41104$223
=130  0\$aScottish Parliament statistics (2017-2018)
=245  10$aScottish Parliament statistics :$b2017-2018.
=264  \1$aEdinburgh :$bScottish Parliamentary Corporate Body,$c2019.
=300  \\$a1 online resource (136 pages)
=336  \\$atext$2rdacontent
=337  \\$acomputer$2rdamedia
=338  \\$aonline resource$2rdacarrier
=538  \\$aSystem requirements: Adobe Reader required to view PDF document.
=588  \\$aDescription from online resource; title from PDF title page (Scottish Parliamentary Corporate Body, viewed February 11, 2019)
=500  \\$a"SP Paper 465"
=500  \\$a"Session 5 (2019)".
=651  \7$aScotland.$2fast$0(OCoLC)fst01206715
=655  \7$aLegislative materials.$2fast$0(OCoLC)fst01774285
=710  1\$aScotland.$bParliament.$bCorporate Body,$eissuing body.
=884  \\$aLDL ebooks transformation to marcxml using nls_eb2marc.xsl$g20190708$k189748397$qUk
=859  \\$aELD$bebook
=852  \\$aBritish Library$bHMNTS$cDRT$jELD.DS.437912
=985  \\$aUpdated by MS generated file for WR2302-017
=CAT  \\$aBATCH-EBKN$b00$c20190711$lBLL01$h0210
=CAT  \\$aBATCH-UPD$b00$c20190711$lBLL01$h0212
=CAT  \\$aEBKS-FXD$c20190711$lBLL01$h0218
=CAT  \\$aBATCH$b00$c20190711$lBLL01$h0219
=CAT  \\$a2006-0850$c20200707$lBLL01$h1411
=CAT  \\$a8874$b40$c20200807$lBLL01$h0805
=CAT  \\$aW2302-0174$c20230223$lBLL01$h2040
=DRT  \\$aLD-ebooks
=SRC  \\$aCollection Metadata
=STA  \\$aSUPPRESSED$bEBL duplicate
=LAS  \\$aW2302-0174$b00$c20230223$lBLL01$h2040

