=LDR  03359cam a22004215i 4500
=001  019467960
=003  Uk
=005  20220110120619.0
=006  m\\\\||\\d\|\\\\\\
=007  cr\|||||||||||
=008  190712s2019\\\\|||||||fo\\\\||||\||eng\\
=FMT  \\$a  BK
=020  \\$a9788131256428$qEPUB
=020  \\$a8131256421$qEPUB
=037  \\$a9788131256428$bIngram Content Group
=040  \\$aUk$beng$cUk
=245  00$aBailliere's Dictionary for Nurses and Health Care Workers, 2nd South Aisa Edition - E-Book /$cAnnu Kaushik.
=250  \\$a2nd
=264  \1$bElsevier India,$c2019.
=300  \\$a1 online resource (620 pages)
=336  \\$atext$2rdacontent
=337  \\$acomputer$2rdamedia
=338  \\$aonline resource$2rdacarrier
=505  0\$a<p>Foreword to the Second South Asia Edition vii</p> <p>Preface to the Second South Asia Edition viii</p> <p>Preface to the 27th Edition x</p> <p>List of Contributors xi</p> <p>List of Reviewers xiii</p> <p>Acknowledgements xiv</p> <p>Style Guide xv</p> <p>Anatomical Plates xvii</p> <p>A-Z Entries 1-418</p> <p>Appendices</p> <p>1 12-Lead ECG Placement 419</p> <p>2 Hierarchy of O2 Delivery 421</p> <p>3 ABG Analysis, ABG ROME Chart 423</p> <p>4 Anatomy of Brain with Function Classification 425</p> <p>5 Common Lab Values 426</p> <p>6 Order of Lab Draws 428</p> <p>7 Blood Type Chart and Compatibility 429</p> <p>8 Crystalloid i.v. Solution 431</p> <p>9 Types of Insulin 433</p> <p>10 Insulin Injection Rotation Site 435</p> <p>11 Pharmacology Math Equation 436</p> <p>12 I.m. Injection Sites 437</p> <p>13 National Immunization Schedule 440</p> <p>14 Body Mass Index (BMI) 441</p> <p>15 Adult and Paediatric BSA Burn Chart 443</p> <p>16 Fetal Circulation 445</p> <p>17 Newborn Assessment 447</p> <p>18 Head to Toe Assessment Checklist 449</p> <p>19 Hyperkalaemia 452</p> <p>20 Hypokalaemia 453</p> <p>21 Hyponatraemia 455</p> <p>22 Hypernatraemia 456</p> <p>23 Emergency Drugs 458</p> <p>24 Antidote 465</p> <p>25 Hypoglycaemia 466</p> <p>26 Heart Sounds 470</p> <p>27 Lung Sounds 471</p> <p>28 Types of Solutions and Their Indications 472</p> <p>29 Cranial Nerves Memory Aid 476</p> <p>30 Trauma Assessment and Management 477</p> <p>31 Assessment Scales 479</p> <p>32 BLS Algorithm 483</p> <p>33 ACLS Algorithm for Adults 484</p> <p>34 Newborn Resuscitation Algorithm 485</p> <p>35 First Aid Management 486</p> <p>36 Hand Hygiene 491</p> <p>37 Nursing Quality Indicators 492</p> <p>38 Abbreviations Used in Prescription 495</p> <p>39 Common Prefixes, Suffixes and Roots 497</p> <p>40 NABH Standards 499</p> <p>41 Food Sources of Fat- and Water-Soluble Vitamins 500</p> <p>42 Duration of Incubation for Communicable Disease 501</p> <p>43 Critical Lab Values 502</p> <p>44 Transmission-Based Precautions 504</p>
=700  1\$aKaushik, Annu,$eeditor.
=859  \\$aELD$bebook
=852  \\$aBritish Library$bHMNTS$cDRT$jELD.DS.438978
=CAT  \\$aBATCH-EBKN$b00$c20190715$lBLL01$h0201
=CAT  \\$aEBKS-FXD$c20190715$lBLL01$h0209
=CAT  \\$aBATCH$b00$c20190715$lBLL01$h0210
=CAT  \\$aBATCH-UPD$b00$c20191206$lBLL01$h1338
=CAT  \\$a7183$b40$c20220110$lBLL01$h1206
=DRT  \\$aLD-ebooks
=SRC  \\$aIngrams
=STA  \\$aSUPPRESSED$bE-content not eligible for Non-Print Legal Deposit
=ONX  \\$aIN
=ONS  \7$aMED$x020000$2bisacsh
=LAS  \\$a7183$b40$c20220110$lBLL01$h1206

