=LDR  01504 am a22003855i 4500
=001  019479301
=003  Uk
=005  20190812133344.0
=006  m\\\\||\\d\|\\\\\\
=007  cr\|||||||||||
=008  190716s2017\\\\nik|||||o||||f||||||eng|d
=FMT  \\$a  BK
=037  \\$aNIOPA_9013$bQueen's University Belfast$nNorthern Ireland Official Publications Repository
=040  \\$aNiBfQU$beng$cNiBfQU$dUk$erda
=110  2\$aGeneral Consumer Council for Northern Ireland,$eauthor.
=245  14$aThe Consumer Council Public Transport Price Comparison Table :$bDiesel versus Public Transport.
=264  \1$aBelfast :$bThe Consumer Council,$c[2017]
=300  \\$a1 online resource.
=336  \\$atext$2rdacontent
=337  \\$acomputer$2rdamedia
=338  \\$aonline resource$2rdacarrier
=650  \7$aTransportation.$2fast$0(OCoLC)fst01155007.
=651  \7$aNorthern Ireland.$2fast$0(OCoLC)fst01205215.
=655  \0$aGovernment publications.
=884  \\$aLDL ebooks transformation to marcxml using queens_eb2marc.xsl$g20190722$kNIOPA_9013$qUk
=859  \\$aELD$bebook
=852  \\$aBritish Library$bHMNTS$cDRT$jELD.DS.441673
=CAT  \\$aBATCH-EBKN$b00$c20190725$lBLL01$h0201
=CAT  \\$aEBKS-FXD$c20190725$lBLL01$h0210
=CAT  \\$aBATCH$b00$c20190725$lBLL01$h0211
=CAT  \\$a8250$b40$c20190812$lBLL01$h1333
=DRT  \\$aLD-ebooks
=SRC  \\$aCollection Metadata
=STA  \\$aSUPPRESSED$bInsufficient content/Out-of-scope for BL collections
=LAS  \\$a8250$b40$c20190812$lBLL01$h1333

