=LDR  01468 am a22003975i 4500
=001  019479305
=003  Uk
=005  20190812133610.0
=006  m\\\\||\\d\|\\\\\\
=007  cr\|||||||||||
=008  190716s2017\\\\nik|||||o||||f||||||eng|d
=FMT  \\$a  BK
=037  \\$aNIOPA_9021$bQueen's University Belfast$nNorthern Ireland Official Publications Repository
=040  \\$aNiBfQU$beng$cNiBfQU$dUk$erda
=110  1\$aNorthern Ireland.$bPublic Prosecution Service,$eauthor.
=245  10$aEquality Scheme.
=250  \\$aDraft.
=264  \1$aBelfast :$bPublic Prosecution Service,$c[2017]
=300  \\$a1 online resource.
=336  \\$atext$2rdacontent
=337  \\$acomputer$2rdamedia
=338  \\$aonline resource$2rdacarrier
=650  \7$aJustice, Administration of.$2fast$0(OCoLC)fst00985154.
=651  \7$aNorthern Ireland.$2fast$0(OCoLC)fst01205215.
=655  \0$aGovernment publications.
=884  \\$aLDL ebooks transformation to marcxml using queens_eb2marc.xsl$g20190722$kNIOPA_9021$qUk
=859  \\$aELD$bebook
=852  \\$aBritish Library$bHMNTS$cDRT$jELD.DS.441677
=CAT  \\$aBATCH-EBKN$b00$c20190725$lBLL01$h0201
=CAT  \\$aEBKS-FXD$c20190725$lBLL01$h0210
=CAT  \\$aBATCH$b00$c20190725$lBLL01$h0211
=CAT  \\$a8250$b40$c20190812$lBLL01$h1336
=DRT  \\$aLD-ebooks
=SRC  \\$aCollection Metadata
=STA  \\$aSUPPRESSED$bDraft equality scheme. Out-of-scope for BL collections
=LAS  \\$a8250$b40$c20190812$lBLL01$h1336

