=LDR  01476 am a22003855i 4500
=001  019479327
=003  Uk
=005  20190812133529.0
=006  m\\\\||\\d\|\\\\\\
=007  cr\|||||||||||
=008  190716s2015\\\\nik|||||o||||f||||||eng|d
=FMT  \\$a  BK
=037  \\$aNIOPA_5521$bQueen's University Belfast$nNorthern Ireland Official Publications Repository
=040  \\$aNiBfQU$beng$cNiBfQU$dUk$erda
=100  1\$aAllamby, Des (Chief Commissioner),$eauthor.
=245  10$aRe: Reforming support for failed asylum seekers and other illegal migrants.
=264  \1$aBelfast :$bNorthern Ireland Human Rights Commission,$c2015.
=300  \\$a1 online resource.
=336  \\$atext$2rdacontent
=337  \\$acomputer$2rdamedia
=338  \\$aonline resource$2rdacarrier
=650  \7$aHuman rights.$2fast$0(OCoLC)fst00963285.
=651  \7$aNorthern Ireland.$2fast$0(OCoLC)fst01205215.
=655  \0$aGovernment publications.
=884  \\$aLDL ebooks transformation to marcxml using queens_eb2marc.xsl$g20190722$kNIOPA_5521$qUk
=859  \\$aELD$bebook
=852  \\$aBritish Library$bHMNTS$cDRT$jELD.DS.441699
=CAT  \\$aBATCH-EBKN$b00$c20190725$lBLL01$h0201
=CAT  \\$aEBKS-FXD$c20190725$lBLL01$h0210
=CAT  \\$aBATCH$b00$c20190725$lBLL01$h0211
=CAT  \\$a8250$b40$c20190812$lBLL01$h1335
=DRT  \\$aLD-ebooks
=SRC  \\$aCollection Metadata
=STA  \\$aSUPPRESSED$bLetter. Out-of-scope for BL collections
=LAS  \\$a8250$b40$c20190812$lBLL01$h1335

