=LDR  01540 am a22003975i 4500
=001  019479342
=003  Uk
=005  20190812133434.0
=006  m\\\\||\\d\|\\\\\\
=007  cr\|||||||||||
=008  190716s2017\\\\nik|||||o||||f||||||eng|d
=FMT  \\$a  BK
=037  \\$aNIOPA_9049$bQueen's University Belfast$nNorthern Ireland Official Publications Repository
=040  \\$aNiBfQU$beng$cNiBfQU$dUk$erda
=110  2\$aHealth and Safety Executive for Northern Ireland,$eauthor.
=245  10$aNorthern Ireland Approved Codes of Practice.
=264  \1$aBelfast :$bHealth and Safety Executive for Northern Ireland,$c2017.
=300  \\$a1 online resource.
=336  \\$atext$2rdacontent
=337  \\$acomputer$2rdamedia
=338  \\$aonline resource$2rdacarrier
=650  \7$aPublic health.$2fast$0(OCoLC)fst01082238.
=650  \7$aPublic safety.$2fast$0(OCoLC)fst01745346.
=651  \7$aNorthern Ireland.$2fast$0(OCoLC)fst01205215.
=655  \0$aGovernment publications.
=884  \\$aLDL ebooks transformation to marcxml using queens_eb2marc.xsl$g20190722$kNIOPA_9049$qUk
=859  \\$aELD$bebook
=852  \\$aBritish Library$bHMNTS$cDRT$jELD.DS.441714
=CAT  \\$aBATCH-EBKN$b00$c20190725$lBLL01$h0201
=CAT  \\$aEBKS-FXD$c20190725$lBLL01$h0210
=CAT  \\$aBATCH$b00$c20190725$lBLL01$h0211
=CAT  \\$a8250$b40$c20190812$lBLL01$h1334
=DRT  \\$aLD-ebooks
=SRC  \\$aCollection Metadata
=STA  \\$aSUPPRESSED$bInsufficient content/Out-of-scope for BL collections
=LAS  \\$a8250$b40$c20190812$lBLL01$h1334

