=LDR  00985 am a22003135i 4500
=001  019479687
=003  Uk
=005  20190911115100.0
=006  m\\\\||\\d\|\\\\\\
=007  cr\|||||||||||
=008  190725s2012\\\\xxk|||||o\\\\||||\||eng\\
=FMT  \\$a  BK
=040  \\$aUk$beng$cUk
=245  00$aCommentary on the Public Sector Finances release :$bMarch 2012.
=264  \1$aUK :$bOffice for Budget Responsibility,$c2012.
=300  \\$a1 online resource.
=336  \\$atext$2rdacontent
=337  \\$acomputer$2rdamedia
=338  \\$aonline resource$2rdacarrier
=859  \\$aELD$bebook
=852  \\$aBritish Library$bHMNTS$cDRT$jELD.DS.442059
=CAT  \\$aBATCH-EBKN$b00$c20190725$lBLL01$h0202
=CAT  \\$aEBKS-FXD$c20190725$lBLL01$h0210
=CAT  \\$aBATCH$b00$c20190725$lBLL01$h0211
=CAT  \\$a15190$b40$c20190911$lBLL01$h1151
=DRT  \\$aLD-ebooks
=SRC  \\$aSubmission Portal
=STA  \\$aSUPPRESSED$bRebatched as Serial
=LAS  \\$a15190$b40$c20190911$lBLL01$h1151

