=LDR  05419cam a22004575i 4500
=001  019499216
=003  Uk
=005  20220110115404.0
=006  m\\\\||\\d\|\\\\\\
=007  cr\|||||||||||
=008  190805s2019\\\\|||||||fo\\\\||||\||eng\\
=FMT  \\$a  BK
=020  \\$a9788131255049$qEPUB
=020  \\$a8131255042$qEPUB
=037  \\$a9788131255049$bIngram Content Group
=040  \\$aUk$beng$cUk
=100  1\$aDwarakanath, Chini Doraiswami$eauthor
=245  10$aCarranza's Clinical Periodontology-Ebook :$bThird South Asia Edition /$cChini Doraiswami Dwarakanath, N Ambalavanan, Dilip G Nayak, Ashita Uppoor, Ashish Jain.
=250  \\$a3rd
=264  \1$bElsevier India,$c2019.
=300  \\$a1 online resource (900 pages)
=336  \\$atext$2rdacontent
=337  \\$acomputer$2rdamedia
=338  \\$aonline resource$2rdacarrier
=505  0\$a<p>PART 1 BIOLOGIC BASIS OF PERIODONTOLOGY</p> <p>SECTION I NORMAL PERIODONTIUM</p> <ol> <p><li>Gingiva</li> <p><li>Tooth Supporting Structures</li> <p><li>Defence Mechanisms of the Gingiva</li> <p><li>Aging and the Periodontium</li> <p>SECTION II CLASSIFICATION AND EPIDEMIOLOGY OF PERIODONTAL DISEASES</p> <p><li>Classification of Diseases and Conditions Affecting the Periodontium</li> <p><li>Epidemiology of Gingival and Periodontal Diseases</li> <p>SECTION III ETIOLOGY OF PERIODONTAL DISEASE </p> <p><li>Periodontal Pathogenesis </li> <p><li>Biofilm and Periodontal Microbiology </li> <p><li>Microbial Interactions with the Host In Periodontal Diseases</li> <p><li>The Role of Dental Calculus and Other Predisposing Factors</li> <p><li>Smoking and Periodontal Disease </li> <p><li>Influence of Systemic Conditions</li> <p>SECTION IV PERIODONTAL PATHOLOGY</p> <p><li>Gingival Inflammation </li> <p><li>Clinical Features of Gingivitis </li> <p><li>Gingival Enlargement </li> <p><li>Acute Gingival Infections</li> <p><li>Desquamative Gingivitis </li> <p><li>The Periodontal Pocket</li> <p><li>Abscesses of the Periodontium</li> <p><li>Bone Loss and Patterns of Bone Destruction </li> <p><li>Periodontal Response to External Forces </li> <p><li>Chronic Periodontitis and Necrotizing Ulcerative Periodontitis </li> <p><li>Aggressive Periodontitis</li> <p><li>Pathology And Management of Periodontal Problems In Patients With Human Immunodeficiency Virus Infection </li> <p><li>Impact of Periodontal Infection on Systemic Health </li> <b> <p>PART 2 CLINICAL PERIODONTICS</p></b> <p>SECTION I DIAGNOSIS, PROGNOSIS AND TREATMENT PLAN </p> <p><li>Clinical Diagnosis</li> <p><li>Radiographic Aids in the Diagnosis of Periodontal Diseases </li> <p><li>Clinical Risk Assessment </li> <p><li>Determination of Prognosis </li> <p><li>Rationale for Periodontal Treatment and Treatment Plan</li> <p>SECTION II MANGEMENT OF PATIENTS WITH PERIODONTAL DISEASES</p> <p><li>Periodontal Treatment of Medically Compromised Patients and Patients with Special Needs</li> <p><li>Treatment of Aggressive and Atypical Forms of Periodontitis </li> <p>SECTION III DIAGNOSIS AND TREATMENT OF PERIODONTAL EMERGENCIES </p> <p><li>Treatment of Acute Gingival Disease </li> <p><li>Treatment of Periodontal Abscess </li> <p>SECTION IV NONSURGICAL TREATMENT</p> <p><li>Phase I Periodontal Therapy </li> <p><li>Plaque Biofilm Control </li> <p><li>Periodontal Instruments and Instrumentation</li> <p><li>Scaling and Root Planning </li> <p><li>Antiinfective Therapy</li> <p><li>Host Modulation </li> <p><li>Occlusion Evaluation and Therapy and Splintin</li> <p><li>Breath Malodour</li> <b> <p>SECTION V SURGICAL TREATMENT</p></b> <p><li>Phase II Periodontal Therapy </li> <p><li>Periodontal and Periimplant Surgical Anatomy </li> <p><li>General Principles of Periodontal Surgery </li> <p><li>Gingival Surgical Techniques </li> <p><li>The Periodontal Flap</li> <p><li>Treatment of Gingival Enlargement</li> <p><li>Respective Osseous Surgery</li> <p><li>Periodontal Regeneration and Reconstructive Surgery</li> <p><li>Furcation Involvement and Treatment</li> <p><li>Periodontal Plastic and Esthetic Surgery </li> <p><li>Periodontal Microsurgery</li> <p><li>Lasers in Periodontal and Periimplant Therapy</li> <p>SECTION VI MULTIDISCIPLINARY APPROACH FOR THE MANAGEMENT OF PERIODONTAL DISEASES</p> <p><li>Diagnosis and Management of Endodontic-Periodontic Lesions</li> <p><li>Periodontal-Restorative Interrelationships</li> <p><li>Adjunctive Role of Orthodontic Therapy</li> <p>SECTION VII SUPPORTIVE CARE</p> <p><li>Supportive Periodontal Treatment</li> <b> <p>PART 3 ORAL IMPLANTOLOGY</p></b> <p><li>Biological Aspects of Dental Implants</li> <p><li>Diagnosis and Treatment Planning in Impalntology</li> <p><li>Surgical Concepts of Implant Therapy</li> <p><li>Periimplant Disease and Management </li> <p><li>Supportive Implant Treatment</li> </ol>
=700  1\$aAmbalavanan, N$eeditor
=700  1\$aNayak, Dilip G$eeditor
=700  1\$aUppoor, Ashita$eeditor
=700  1\$aJain, Ashish$eeditor
=859  \\$aELD$bebook
=852  \\$aBritish Library$bHMNTS$cDRT$jELD.DS.444842
=CAT  \\$aBATCH-EBKN$b00$c20190808$lBLL01$h0201
=CAT  \\$aEBKS-FXD$c20190808$lBLL01$h0209
=CAT  \\$aBATCH$b00$c20190808$lBLL01$h0210
=CAT  \\$a7183$b40$c20220110$lBLL01$h1154
=DRT  \\$aLD-ebooks
=SRC  \\$aIngrams
=STA  \\$aSUPPRESSED$bE-content not eligible for Non-Print Legal Deposit
=ONX  \\$aIN
=ONS  \7$aMED$x016040$2bisacsh
=LAS  \\$a7183$b40$c20220110$lBLL01$h1154

