=LDR  01170 am a22003495i 4500
=001  019517724
=003  Uk
=005  20190917110759.0
=006  m\\\\||\\d\|\\\\\\
=007  cr\|||||||||||
=008  190823s2019\\\\xxk|||||o\\\\||||\||eng\\
=FMT  \\$a  BK
=020  \\$a9781909967656
=040  \\$aUk$beng$cUk
=245  00$aThe National Schedule of Rates :$bElectrical Schedule 2019.
=264  \1$aAylesbury :$bNSRM Ltd,$c2019.
=300  \\$a1 online resource.
=336  \\$atext$2rdacontent
=337  \\$acomputer$2rdamedia
=338  \\$aonline resource$2rdacarrier
=500  \\$aThe National Schedules are an industry standard series of pricing & payment mechanisms for use in Term Maintenance Contracts
=720  0\$aNSR Management Ltd
=859  \\$aELD$bebook
=852  \\$aBritish Library$bHMNTS$cDRT$jELD.DS.452099
=CAT  \\$aBATCH-EBKN$b00$c20190823$lBLL01$h1453
=CAT  \\$aEBKS-FXD$c20190823$lBLL01$h1503
=CAT  \\$aBATCH$b00$c20190823$lBLL01$h1504
=CAT  \\$a14412$b40$c20190917$lBLL01$h1107
=DRT  \\$aLD-ebooks
=SRC  \\$aSubmission Portal
=STA  \\$aSUPPRESSED$bRebatched as Serial
=LAS  \\$a14412$b40$c20190917$lBLL01$h1107

