=LDR  01315cam a22004095i 4500
=001  019519097
=003  Uk
=005  20230620095048.0
=006  m\\\\||\\d\|\\\\\\
=007  cr\|||||||||||
=008  190823s2019\\\\|||||||go\\\\||||\||eng\\
=FMT  \\$a  BK
=020  \\$a9781000673432$qEPUB
=020  \\$a100067343X$qEPUB
=024  7\$a10.4324/9780429333149$2doi
=037  \\$a9781000673432$bIngram Content Group
=040  \\$aUk$beng$cUk
=245  00$aSurvival 49.1 :$bSurvival 49.1, Spring 2007 /$cDana Allin.
=250  \\$a1st
=264  \1$bRoutledge,$c2019.
=300  \\$a1 online resource (252 pages)
=336  \\$atext$2rdacontent
=337  \\$acomputer$2rdamedia
=338  \\$aonline resource$2rdacarrier
=505  0\$a<P>Tipping Points, <B><I>A symposium, part 2, </B></I>Analogy Fatigue, Review Essays.</P>
=700  1\$aAllin, Dana$eeditor
=859  \\$aELD$bebook
=852  \\$aBritish Library$bHMNTS$cDRT$jELD.DS.452826
=CAT  \\$aBATCH-EBKN$b00$c20190826$lBLL01$h0201
=CAT  \\$aEBKS-FXD$c20190826$lBLL01$h0206
=CAT  \\$aBATCH$b00$c20190826$lBLL01$h0206
=CAT  \\$a11279$b40$c20230620$lBLL01$h0950
=DRT  \\$aLD-ebooks
=SRC  \\$aIngrams
=STA  \\$aSUPPRESSED$bRebatched as Serial
=ONS  \7$aHIS$x027060$2bisacsh
=LAS  \\$a11279$b40$c20230620$lBLL01$h0950

