=LDR  06434aam a22006371i 4500
=001  019535809
=003  Uk
=005  20200117115638.0
=006  m\\\\||\\d\|\\\\\\
=007  cr\|||||||||||
=008  190902s2018\\\\xxk|||||o\\\\||||\||eng\\
=FMT  \\$a  BK
=015  \\$aGBB9F8069$2bnb
=020  \\$z9781844645121$qprint
=037  \\$a9781844645138$bPaths International Ltd
=040  \\$aUk$beng$cUk
=041  1\$aeng$hchi
=042  \\$aukblsr
=082  04$a335.43/45$223
=100  1\$aZheng, Qian,$d1949-$eauthor.
=240  10$aZhongguo te se she hui zhu yi dao lu.$lEnglish
=245  14$aThe road to socialism with Chinese characteristics /$cAuthor: Zheng Qian, et al.
=264  \1$aReading :$bPaths International Ltd,$c2018.
=300  \\$a1 online resource (382 pages).
=336  \\$atext$2rdacontent
=337  \\$acomputer$2rdamedia
=338  \\$aonline resource$2rdacarrier
=505  00$gch. I$tChina on the Way to Modernization of Radical Revolution --$gI.$tWorld and China in the 19th Century --$gII.$tClimax and End of the Old Peasant Movement --$gIII.$tSelf-strengthening Movement of the Westernization Group -- The Attempt and Destiny of "Westernized Chinese Style" --$gIV.$tFrom Hundred Days Reform to the Constitutional Reform --$gV.$tThe Road to Ultimate Radical Revolution --$gVI.$tEfforts of the Bourgeoisie to Save the Fruits of Revolution and the End of the Old Democratic Revolution --$gch. II$tOpen up a New Road of the Chinese Revolution-New Democratic Revolutionary Road --$gI.$tEstablishment of the CPC and the Formulation of the Chinese Revolutionary Program --$gII.$tTwists and Turns of the CPC to Explore the Revolutionary Road with Chinese Characteristics --$gIII.$tFormation of the New Democratic Revolution Road --$gIV.$tShutdown of Two Roads & Two Fates, and the Victory of the New Democratic Revolutionary Road --$gch. III$tFrom the Implementation of the Common Program to the Transition to Socialism --$gI.$tChinese Road Planning in the Common Program --$gII.$tNew Democratic Construction Road with Distinctive Chinese Characteristics --$gIII.$tFrom Comprehensive New Democratic Construction to Advanced Socialist Transition --$gIV.$tEstablishment of the Basic Socialist System and the Influence of the Soviet Model --$gch. IV$tEfforts and Twists to Make Breakthrough in Traditional Roads --$gI.$tDiversified Trend of Modern Road and the Origin of Socialist Reform --$gII.$tA Good Start to Explore the Chinese Road Before and After the 8th CPC National Congress --$gIII.$tThe Impact to Traditional Model and the Two Trends in Chinese Road Development --$gIV.$tDenial of Contemporary Socialism Reform during the "Cultural Revolution" --$gch. V$tEmancipating the Mind, Reform and Opening up, Creating and Expanding the Road of Socialism with Chinese Characteristics --$gI.$tEmancipating the Mind and Breaking a New Road --$gII.$tSuccessful Expansion of Chinese Road in the Ideological Emancipation and Reform and Opening up --$gIII.$tAdhere to Reform and Opening up, and the Chinese Road, Regardless of Setbacks --$gIV.$tAdherence and Development to Chinese Road in the 21st Century --$gV.$tDevelopment of Chinese Road Inseparable from Emancipating the Mind --$gch. VI$tPrimary Stage of Socialism: the General Basis of Chinese Road --$gI.$tUnderstanding of the Socialism development Stages in the History of Scientific Socialism --$gII.$tProcess and Characteristics of the CPC's Understanding of China's National Conditions --$gIII.$tProposal of the Theory on the Primary Stage of Socialism --$gIV.$tEnrichment of the Theory on the Primary Stage of Socialism --$gV.$tRelationship between the Primary Stage of Socialism and the Chinese Road --$gch. VII$tFrom Planning to Market: A New Leap on Chinese Road --$gI.$tPlanning or Market, A Controversial Topic for One Hundred Years --$gII.$tInitial Idea on China's Economic System Reform: Dominated by Planned Economy and Supplemented by Market Regulation --$gIII.$tSocialist Economy as a Refer to the Planned Commodity Economy --$gIV.$tEstablishment of the Goal for a Socialist Market Economic System --$gV.$tThe Establishment and Implementation of Socialist Market Economic System Framework --$gVI.$tGradual Improvement of the Socialist Market Economic System --$gch. VIII$tChinese Road and the Transformation of China's Governance --$gI.$tThe Transformation of Social Structure and Social Governance --$gII.$tPower Change from Centralization to Decentralization --$gIII.$tGovernance Transformation from Rule of Man to Rule of Law --$gIV.$tFrom Closed and Semi-closed Status to All-round Opening up --$gch. IX$tChina's Road and the Leadership of the CPC --$gI.$tThe Historical and Realistic Basis of the Leadership of the CPC --$gII.$tBuilding the Party to Lead the Socialist Modernization Construction --$gIII.$tImprove the Party's Leadership and Ruling Capacity and Enhance Resistance to Corruption and Risk --$gIV.$tConsolidate the Party's Class Basis and Expand the Mass Basis --$gV.$tOverall Advance of the Party's Ruling Capacity and Progressiveness Construction.
=546  \\$aTranslated from the Chinese.
=650  \0$aSocialism$zChina.
=650  \7$aPolitics and government.$2fast$0(OCoLC)fst01919741
=650  \7$aSocialism.$2fast$0(OCoLC)fst01123637
=651  \0$aChina$xPolitics and government$y1976-2002.
=651  \7$aChina.$2fast$0(OCoLC)fst01206073
=690  7\$aManagement and Business Studies$2blcoll
=859  \\$aELD$bebook
=884  \\$aLDL ebooks tsv to marcxml transformation using Record_Load-eBooks_Legal_Deposit_tsv2marc_v2-0.xsl$g20190902$k9781844645138$qUk
=852  \\$aBritish Library$bHMNTS$cDRT$jELD.DS.454277$qImperfect: incorrect title sent.
=BUF  1\$aN$d20190917
=CAT  \\$aBATCH-EBKN$b00$c20190905$lBLL01$h0215
=CAT  \\$aEBKS-FXD$c20190905$lBLL01$h0223
=CAT  \\$aBATCH$b00$c20190905$lBLL01$h0224
=CAT  \\$aBATCH-UPEB$b00$c20190917$lBLL01$h1336
=CAT  \\$aBATCH-MBS$c20190920$lBLL01$h2125
=CAT  \\$a11279$b40$c20191010$lBLL01$h0935
=CAT  \\$a11279$b40$c20191010$lBLL01$h0946
=CAT  \\$a11279$b40$c20200117$lBLL01$h1156
=FIN  \\$aY$d20190917
=DRT  \\$aLD-ebooks
=SRC  \\$aCollection Metadata
=STA  \\$aSUPPRESSED$bE-content not adequate for display
=ONS  \7$aJPFC$2bicssc
=ONS  \7$aHBJF$2bicssc
=ONS  \7$aPOL$x005000$2bisacsh
=ONS  \7$aPOL$x010510$2bisacsh
=LAS  \\$a11279$b40$c20200117$lBLL01$h1156

