=LDR  01185cam a22003255i 4500
=001  019554707
=003  Uk
=005  20230404090946.0
=006  m\\\\||\\d\|\\\\\\
=007  cr\|||||||||||
=008  190926s2019\\\\xxk|||||o\\\\||||\||eng\\
=FMT  \\$a  BK
=040  \\$aUk$beng$cUk
=245  00$aDrug-related deaths and suicide in prison :$b2008 to 2016.
=264  \1$aUK :$bOffice for National Statistics,$c2019.
=300  \\$a1 online resource.
=336  \\$atext$2rdacontent
=337  \\$acomputer$2rdamedia
=338  \\$aonline resource$2rdacarrier
=500  \\$aThe risk of suicide and drug-related deaths among prisoners, based on confidential matching of data from HM Prison and Probation Service and Office for National Statistics mortality records.
=859  \\$aELD$bebook
=852  \\$aBritish Library$bHMNTS$cDRT$jELD.DS.458140
=CAT  \\$aBATCH-EBKN$b00$c20190926$lBLL01$h0213
=CAT  \\$aEBKS-FXD$c20190926$lBLL01$h0222
=CAT  \\$aBATCH$b00$c20190926$lBLL01$h0223
=CAT  \\$a11450$b40$c20230404$lBLL01$h0909
=DRT  \\$aLD-ebooks
=SRC  \\$aSubmission Portal
=STA  \\$aSUPPRESSED$bRebatched as Serial
=LAS  \\$a11450$b40$c20230404$lBLL01$h0909

