=LDR  01042 am a22003255i 4500
=001  019554723
=003  Uk
=005  20210120105715.0
=006  m\\\\||\\d\|\\\\\\
=007  cr\|||||||||||
=008  190926s2019\\\\xxk|||||o\\\\||||\||eng\\
=FMT  \\$a  BK
=040  \\$aUk$beng$cUk
=245  00$aEthnicity pay gaps in Great Britain :$b2018.
=264  \1$aUK :$bOffice for National Statistics,$c2019.
=300  \\$a1 online resource.
=336  \\$atext$2rdacontent
=337  \\$acomputer$2rdamedia
=338  \\$aonline resource$2rdacarrier
=500  \\$aArticle | 9 July 2019 | On advice of ELD Cat - Treat as Mono
=859  \\$aELD$bebook
=852  \\$aBritish Library$bHMNTS$cDRT$jELD.DS.458156
=CAT  \\$aBATCH-EBKN$b00$c20190926$lBLL01$h0213
=CAT  \\$aEBKS-FXD$c20190926$lBLL01$h0222
=CAT  \\$aBATCH$b00$c20190926$lBLL01$h0223
=CAT  \\$a14412$b40$c20210120$lBLL01$h1057
=DRT  \\$aLD-ebooks
=SRC  \\$aSubmission Portal
=STA  \\$aSUPPRESSED$bRe-batched as Serial
=LAS  \\$a14412$b40$c20210120$lBLL01$h1057

