=LDR  01076 am a22003255i 4500
=001  019555647
=003  Uk
=005  20201126083633.0
=006  m\\\\||\\d\|\\\\\\
=007  cr\|||||||||||
=008  190927s2019\\\\xxk|||||o\\\\||||\||eng\\
=FMT  \\$a  BK
=040  \\$aUk$beng$cUk
=245  00$aBilateral asymmetries in UK foreign direct investment statistics :$bJuly 2019.
=264  \1$aUK :$bOffice for National Statistics,$c2019.
=300  \\$a1 online resource.
=336  \\$atext$2rdacontent
=337  \\$acomputer$2rdamedia
=338  \\$aonline resource$2rdacarrier
=500  \\$aArticle | 29 July 2019 | On advice of ELD Cat - Treat as Mono
=859  \\$aELD$bebook
=852  \\$aBritish Library$bHMNTS$cDRT$jELD.DS.458668
=CAT  \\$aBATCH-EBKN$b00$c20190927$lBLL01$h0225
=CAT  \\$aEBKS-FXD$c20190927$lBLL01$h0232
=CAT  \\$aBATCH$b00$c20190927$lBLL01$h0233
=CAT  \\$a11450$b40$c20201126$lBLL01$h0836
=DRT  \\$aLD-ebooks
=SRC  \\$aSubmission Portal
=STA  \\$aSUPPRESSED$bRebatched as Serial
=LAS  \\$a11450$b40$c20201126$lBLL01$h0836

