=LDR  00992 am a22003255i 4500
=001  019556472
=003  Uk
=005  20211006140640.0
=006  m\\\\||\\d\|\\\\\\
=007  cr\|||||||||||
=008  190929s2019\\\\xxk|||||o\\\\||||\||eng\\
=FMT  \\$a  BK
=040  \\$aUk$beng$cUk
=245  00$aGuide to offender management statistics.
=264  \1$aLondon :$bMinistry of Justice,$c2019.
=300  \\$a1 online resource.
=336  \\$atext$2rdacontent
=337  \\$acomputer$2rdamedia
=338  \\$aonline resource$2rdacarrier
=500  \\$aGuidance Documentation
=859  \\$aELD$bebook
=852  \\$aBritish Library$bHMNTS$cDRT$jELD.DS.459063
=CAT  \\$aBATCH-EBKN$b00$c20190929$lBLL01$h0202
=CAT  \\$aEBKS-FXD$c20190929$lBLL01$h0209
=CAT  \\$aBATCH$b00$c20190929$lBLL01$h0210
=CAT  \\$a14412$b40$c20211006$lBLL01$h1406
=DRT  \\$aLD-ebooks
=SRC  \\$aSubmission Portal
=STA  \\$aSUPPRESSED$bRebatched as Serial
=LAS  \\$a14412$b40$c20211006$lBLL01$h1406

