=LDR  02448cam a2200613 i 4500
=001  019564680
=003  Uk
=005  20220315172457.0
=006  m\\\\||\\d\|\\\\\\
=007  cr\|||||||||||
=008  190406s2019\\\\stka\\\\ob\\\f000\0\eng\d
=FMT  \\$a  BK
=015  \\$aGBC247003$2bnb
=020  \\$a9781787816848$qElectronic book (PDF format)
=037  \\$a9781787816848$bNational Library of Scotland
=040  \\$aStEdNL$beng$cStEdNL$dUk$erda
=042  \\$aukblsr
=082  04$a338.9$223
=245  00$aEurope 2020 :$bScotland's National Reform Programme 2019.
=264  \1$aEdinburgh :$bThe Scottish Government,$c2019.
=300  \\$a1 online resource (58 pages) :$bcolour illustrations.
=336  \\$atext$2rdacontent
=337  \\$acomputer$2rdamedia
=338  \\$aonline resource$2rdacarrier
=504  \\$aIncludes bibliographical references.
=538  \\$aSystem requirements: Adobe Reader required to view PDF document.
=588  \\$aDescription based on online resource; title from PDF title page (Scottish Government, viewed Apr 6, 2019)
=500  \\$a"PPDAS558210 (04/19)".
=500  \\$a"Published by The Scottish Government, April 2019".
=500  \\$a"Produced for The Scottish Government by APS Group Scotland".
=650  \7$aEconomic policy.$2fast$0(OCoLC)fst00902025
=650  \7$aEconomic development$xGovernment policy.$2fast$0(OCoLC)fst00901828
=650  \7$aManpower policy.$2fast$0(OCoLC)fst01007897
=651  \7$aScotland.$2fast$0(OCoLC)fst01206715
=655  \0$aGovernment publications.
=710  1\$aScotland.$bScottish Government,$eissuing body.
=710  2\$aAPS Group Scotland.
=884  \\$aLDL ebooks transformation to marcxml using nls_eb2marc.xsl$g20190724$k9781787816848$qUk
=859  \\$aELD$bebook
=852  \\$aBritish Library$bHMNTS$cDRT$jELD.DS.461650
=CAT  \\$aBATCH-EBKN$b00$c20191004$lBLL01$h0222
=CAT  \\$aBATCH-UPD$b00$c20191004$lBLL01$h0223
=CAT  \\$aEBKS-FXD$c20191004$lBLL01$h0230
=CAT  \\$aBATCH$b00$c20191004$lBLL01$h0231
=CAT  \\$a7907$b40$c20191011$lBLL01$h1545
=CAT  \\$a3391$b40$c20200213$lBLL01$h1800
=CAT  \\$a15190$b40$c20220310$lBLL01$h1506
=CAT  \\$aBATCH-DDC$b00$c20220315$lBLL01$h1724
=CAT  \\$aBATCH$b00$c20220315$lBLL01$h1724
=FIN  \\$aY$d20220315
=DRT  \\$aLD-ebooks
=SRC  \\$aCollection Metadata
=STA  \\$aSUPPRESSED$bRebatched as Serial
=LAS  \\$aBATCH$b00$c20220315$lBLL01$h1724

