=LDR  02008 am a22004937i 4500
=001  019571618
=003  Uk
=005  20200107114721.0
=006  m\\\\||\\d\|\\\\\\
=007  cr\|||||||||||
=008  190330s2019\\\\stka\\\\o\\\\f000\0\eng\d
=FMT  \\$a  BK
=020  \\$a9781787816237$qElectronic book (PDF format)
=037  \\$a9781787816237$bNational Library of Scotland
=040  \\$aStEdNL$beng$cStEdNL$dUk$erda
=245  00$aScottish Household Survey.$pMethodology and fieldwork outcomes 2017.
=246  30$aMethodology and fieldwork outcomes 2017
=264  \1$aEdinburgh :$bThe Scottish Government,$c2019.
=300  \\$a1 online resource (69 pages :$billustrations (colour))
=336  \\$atext$2rdacontent
=337  \\$acomputer$2rdamedia
=338  \\$aonline resource$2rdacarrier
=538  \\$aSystem requirements: Adobe Reader required to view PDF document.
=588  \\$aDescription based on online resource; title from PDF title page (Scottish Government, viewed Mar 30, 2019)
=500  \\$a"Produced for The Scottish Government by APS Group Scotland".
=500  \\$a"PPDAS543760 (03/19)".
=500  \\$a"A National Statistics publication for Scotland".
=651  \7$aScotland.$2fast$0(OCoLC)fst01206715
=655  \0$aGovernment publications.
=710  1\$aScotland.$bScottish Government,$eissuing body.
=710  2\$aAPS Group Scotland.
=884  \\$aLDL ebooks transformation to marcxml using nls_eb2marc.xsl$g20190724$k9781787816237$qUk
=859  \\$aELD$bebook
=852  \\$aBritish Library$bHMNTS$cDRT$jELD.DS.462844
=CAT  \\$aBATCH-EBKN$b00$c20191010$lBLL01$h0217
=CAT  \\$aBATCH-UPD$b00$c20191010$lBLL01$h0218
=CAT  \\$aEBKS-FXD$c20191010$lBLL01$h0225
=CAT  \\$aBATCH$b00$c20191010$lBLL01$h0226
=CAT  \\$a15005$b40$c20200107$lBLL01$h1147
=CAT  \\$a2006-0850$c20200707$lBLL01$h1411
=DRT  \\$aLD-ebooks
=SRC  \\$aCollection Metadata
=STA  \\$aSUPPRESSED$bRebatched as Serial
=LAS  \\$a2006-0850$b00$c20200707$lBLL01$h1411

