=LDR  01745cam a2200469 i 4500
=001  019572492
=003  Uk
=005  20230725163124.0
=006  m\\\\||\\d\|\\\\\\
=007  cr\|||||||||||
=008  191011s2019\\\\enka\\\\ob\\\o000\0\eng\\
=FMT  \\$a  BK
=015  \\$aGBC300974$2bnb
=040  \\$aUk$beng$cUk$erda
=042  \\$aukblsr
=082  04$a630.68$223
=110  1\$aGreat Britain.$bDepartment for Environment, Food & Rural Affairs,$eauthor.
=245  10$aFarm Practices Survey 2018 - England :$bfarm business practices, soil management and cattle housing /$cDepartment for Environment, Food & Rural Affairs.
=264  \1$a[London?] :$bDepartment for Environment, Food & Rural Affairs,$cApril 2019.
=300  \\$a1 online resource (22 pages) :$billustrations (colour)
=336  \\$atext$2rdacontent
=336  \\$astill image$2rdacontent
=337  \\$acomputer$2rdamedia
=338  \\$aonline resource$2rdacarrier
=500  \\$a"National Statistics".
=504  \\$aIncludes bibliographical references.
=650  \7$aFarm management.$2fast$0(OCoLC)fst00921070
=650  \7$aCattle$xHousing.$2fast$0(OCoLC)fst00849590
=651  \7$aEngland.$2fast$0(OCoLC)fst01219920
=650  \7$aSoil management.$2fast$0(OCoLC)fst01124446
=859  \\$aELD$bebook
=852  \\$aBritish Library$bHMNTS$cDRT$jELD.DS.463571
=CAT  \\$aBATCH-EBKN$b00$c20191011$lBLL01$h0213
=CAT  \\$aEBKS-FXD$c20191011$lBLL01$h0218
=CAT  \\$aBATCH$b00$c20191011$lBLL01$h0219
=CAT  \\$a7034$b40$c20230110$lBLL01$h1208
=CAT  \\$a11279$b40$c20230725$lBLL01$h1631
=FIN  \\$aY$d20230110
=DRT  \\$aLD-ebooks
=SRC  \\$aSubmission Portal
=STA  \\$aSUPPRESSED$bLanding page
=LAS  \\$a11279$b40$c20230725$lBLL01$h1631

