=LDR  01651cam a2200457 i 4500
=001  019572878
=003  Uk
=005  20230725163425.0
=006  m\\\\||\\d\|\\\\\\
=007  cr\|||||||||||
=008  191012s2019\\\\enka\\\\ob\\\o000\0\eng\\
=FMT  \\$a  BK
=015  \\$aGBC323926$2bnb
=040  \\$aUk$beng$cUk$erda
=042  \\$aukblsr
=082  04$a636.210941$223
=110  1\$aGreat Britain.$bDepartment for Environment, Food & Rural Affairs,$eauthor.
=245  10$aCattle Farm Practices Survey 2019 /$cDepartment for Environment, Food & Rural Affairs.
=264  \1$a[London?] :$bDepartment for Environment, Food & Rural Affairs,$cSeptember 2019.
=300  \\$a1 online resource (27, 6 pages) :$billustrations (colour)
=336  \\$atext$2rdacontent
=336  \\$astill image$2rdacontent
=337  \\$acomputer$2rdamedia
=338  \\$aonline resource$2rdacarrier
=504  \\$aIncludes bibliographical references.
=650  \7$aBeef cattle.$2fast$0(OCoLC)fst00829613
=650  \7$aDairy cattle.$2fast$0(OCoLC)fst00886806
=650  \7$aTuberculosis in cattle.$2fast$0(OCoLC)fst01158559
=651  \7$aEngland.$2fast$0(OCoLC)fst01219920
=859  \\$aELD$bebook
=852  \\$aBritish Library$bHMNTS$cDRT$jELD.DS.463762
=CAT  \\$aBATCH-EBKN$b00$c20191012$lBLL01$h0216
=CAT  \\$aEBKS-FXD$c20191012$lBLL01$h0221
=CAT  \\$aBATCH$b00$c20191012$lBLL01$h0221
=CAT  \\$a7034$b40$c20230207$lBLL01$h1352
=CAT  \\$a11279$b40$c20230725$lBLL01$h1634
=FIN  \\$aY$d20230207
=DRT  \\$aLD-ebooks
=SRC  \\$aSubmission Portal
=STA  \\$aSUPPRESSED$bLanding page
=LAS  \\$a11279$b40$c20230725$lBLL01$h1634

