=LDR  01088 am a22003375i 4500
=001  019588357
=003  Uk
=005  20191114153038.0
=006  m\\\\||\\d\|\\\\\\
=007  cr\|||||||||||
=008  191027s2019\\\\xxk|||||o\\\\||||\||eng\\
=FMT  \\$a  BK
=020  \\$a9781528615679
=040  \\$aUk$beng$cUk
=245  00$aPrisons & Probation Ombudsman Annual Report 2018-19.
=264  \1$aLondon :$bPrisons and Probation Ombudsman,$c2019.
=300  \\$a1 online resource.
=336  \\$atext$2rdacontent
=337  \\$acomputer$2rdamedia
=338  \\$aonline resource$2rdacarrier
=500  \\$aCP 175
=859  \\$aELD$bebook
=852  \\$aBritish Library$bHMNTS$cDRT$jELD.DS.466429
=CAT  \\$aBATCH-EBKN$b00$c20191027$lBLL01$h0610
=CAT  \\$aEBKS-FXD$c20191027$lBLL01$h0613
=CAT  \\$aBATCH$b00$c20191027$lBLL01$h0614
=CAT  \\$a8250$b40$c20191114$lBLL01$h1530
=DRT  \\$aLD-ebooks
=SRC  \\$aSubmission Portal
=STA  \\$aSUPPRESSED$bDuplicate. This has been received as a Parliamentary paper - Aleph #019597651
=LAS  \\$a8250$b40$c20191114$lBLL01$h1530

