=LDR  01086 am a22003255i 4500
=001  019588375
=003  Uk
=005  20210420113041.0
=006  m\\\\||\\d\|\\\\\\
=007  cr\|||||||||||
=008  191027s2018\\\\xxk|||||o\\\\||||\||eng\\
=FMT  \\$a  BK
=040  \\$aUk$beng$cUk
=245  00$aNATIONAL LIVING WAGE AND NATIONAL MINIMUM WAGE :$bGovernment evidence on compliance and enforcement 2017/2018.
=264  \1$a[UK] :$bDepartment for Business, Energy & Industrial Strategy,$c2018.
=300  \\$a1 online resource.
=336  \\$atext$2rdacontent
=337  \\$acomputer$2rdamedia
=338  \\$aonline resource$2rdacarrier
=500  \\$aSeptember 2018
=859  \\$aELD$bebook
=852  \\$aBritish Library$bHMNTS$cDRT$jELD.DS.466447
=CAT  \\$aBATCH-EBKN$b00$c20191027$lBLL01$h0610
=CAT  \\$aEBKS-FXD$c20191027$lBLL01$h0613
=CAT  \\$aBATCH$b00$c20191027$lBLL01$h0614
=CAT  \\$a15190$b40$c20210420$lBLL01$h1130
=DRT  \\$aLD-ebooks
=SRC  \\$aSubmission Portal
=STA  \\$aSUPPRESSED$bRebatched as Serial
=LAS  \\$a15190$b40$c20210420$lBLL01$h1130

