=LDR  01089cam a22003495i 4500
=001  019592259
=003  Uk
=005  20230823064549.0
=006  m\\\\||\\d\|\\\\\\
=007  cr\|||||||||||
=008  191031s2019\\\\xxk|||||o\\\\||||\||eng\\
=FMT  \\$a  BK
=040  \\$aUk$beng$cUk
=245  00$adream SCREAMS & washing machines.
=250  \\$a1
=264  \1$aUnited Kingdom :$bWilliam Cornelius Harris Publishing,$c2019.
=300  \\$a1 online resource.
=336  \\$atext$2rdacontent
=337  \\$acomputer$2rdamedia
=338  \\$aonline resource$2rdacarrier
=500  \\$apoetry
=720  0\$aPauline Deakin
=859  \\$aELD$bebook
=852  \\$aBritish Library$bHMNTS$cDRT$jELD.DS.466651$qImperfect: ebook display problem
=CAT  \\$aBATCH-EBKN$b00$c20191031$lBLL01$h0210
=CAT  \\$aEBKS-FXD$c20191031$lBLL01$h0213
=CAT  \\$aBATCH$b00$c20191031$lBLL01$h0213
=CAT  \\$a7164$b40$c20230823$lBLL01$h0645
=DRT  \\$aLD-ebooks
=SRC  \\$aSubmission Portal
=STA  \\$aSUPPRESSED$bE-content not adequate for display
=LAS  \\$a7164$b40$c20230823$lBLL01$h0645

