=LDR  00994 am a22003135i 4500
=001  019592291
=003  Uk
=005  20200721102032.0
=006  m\\\\||\\d\|\\\\\\
=007  cr\|||||||||||
=008  191031s2018\\\\xxk|||||o\\\\||||\||eng\\
=FMT  \\$a  BK
=040  \\$aUk$beng$cUk
=245  00$aHEAT NETWORKS DELIVERY UNIT :$b2018 Q2 PIPELINE.
=264  \1$a[UK] :$bDepartment for Business, Energy & Industrial Strategy,$c[2018]
=300  \\$a1 online resource.
=336  \\$atext$2rdacontent
=337  \\$acomputer$2rdamedia
=338  \\$aonline resource$2rdacarrier
=859  \\$aELD$bebook
=852  \\$aBritish Library$bHMNTS$cDRT$jELD.DS.466683
=CAT  \\$aBATCH-EBKN$b00$c20191031$lBLL01$h0210
=CAT  \\$aEBKS-FXD$c20191031$lBLL01$h0213
=CAT  \\$aBATCH$b00$c20191031$lBLL01$h0213
=CAT  \\$a14412$b40$c20200721$lBLL01$h1020
=DRT  \\$aLD-ebooks
=SRC  \\$aSubmission Portal
=STA  \\$aSUPPRESSED$bRebatched as Serial
=LAS  \\$a14412$b40$c20200721$lBLL01$h1020

