=LDR  01776cam a22005415i 4500
=001  019614919
=003  Uk
=005  20230515133444.0
=006  m\\\\||\\d\|\\\\\\
=007  cr\|||||||||||
=008  191115s2018\\\\|||||||go\\\\||||\||eng\\
=FMT  \\$a  BK
=024  7\$a10.4324/9781138019270$2doi
=037  \\$a9780429751165$bIngram Content Group
=040  \\$aUk$beng$cUk
=072  \7$aSOC$x026000$2bisacsh
=100  1\$aHorvat, Branko,$eauthor.
=245  10$aTowards a Theory of Planned Economy /$cBranko Horvat.
=250  \\$a1st
=264  \1$bRoutledge,$c2018.
=300  \\$a1 online resource.
=336  \\$atext$2rdacontent
=337  \\$acomputer$2rdamedia
=338  \\$aonline resource$2rdacarrier
=859  \\$aELD$bebook
=852  \\$aBritish Library$bHMNTS$cDRT$jELD.DS.472680$qImperfect: incorrect title sent.
=CAT  \\$aBATCH-EBKN$b00$c20191118$lBLL01$h0210
=CAT  \\$aBATCH-UPD$b00$c20191118$lBLL01$h0213
=CAT  \\$aEBKS-FXD$c20191118$lBLL01$h0216
=CAT  \\$aBATCH$b00$c20191118$lBLL01$h0216
=CAT  \\$a11279$b40$c20230515$lBLL01$h1329
=CAT  \\$a11279$b40$c20230515$lBLL01$h1334
=DRT  \\$aLD-ebooks
=SRC  \\$aIngrams
=STA  \\$aSUPPRESSED$bE-content not adequate for display
=ONS  \7$aBUS$x069000$2bisacsh
=ONS  \7$aSOC$b026000$2bisacsh
=ONS  \\$tbell$2Subject Keywords
=ONS  \\$tchinese$2Subject Keywords
=ONS  \\$tcolonial$2Subject Keywords
=ONS  \\$tconsciousness$2Subject Keywords
=ONS  \\$tfilipino$2Subject Keywords
=ONS  \\$tmagsaysay$2Subject Keywords
=ONS  \\$tmestizo$2Subject Keywords
=ONS  \\$tpeople$2Subject Keywords
=ONS  \\$tramon$2Subject Keywords
=ONS  \\$ttrade$2Subject Keywords
=LAS  \\$a11279$b40$c20230515$lBLL01$h1334

