=LDR  01021cam a22003255i 4500
=001  019621386
=003  Uk
=005  20220516101011.0
=006  m\\\\||\\d\|\\\\\\
=007  cr\|||||||||||
=008  191123s2019\\\\xxk|||||o\\\\||||\||eng\\
=FMT  \\$a  BK
=020  \\$a9781911642084
=040  \\$aUk$beng$cUk
=245  00$aReport for the period 1 April 2018 - 31 March 2019.
=264  \1$aUK :$bOffice of the Discretionary Support Commissioner,$c2019.
=300  \\$a1 online resource.
=336  \\$atext$2rdacontent
=337  \\$acomputer$2rdamedia
=338  \\$aonline resource$2rdacarrier
=859  \\$aELD$bebook
=852  \\$aBritish Library$bHMNTS$cDRT$jELD.DS.474245
=CAT  \\$aBATCH-EBKN$b00$c20191123$lBLL01$h0231
=CAT  \\$aEBKS-FXD$c20191123$lBLL01$h0240
=CAT  \\$aBATCH$b00$c20191123$lBLL01$h0240
=CAT  \\$a15190$b40$c20220516$lBLL01$h1010
=DRT  \\$aLD-ebooks
=SRC  \\$aSubmission Portal
=STA  \\$aSUPPRESSED$bRebatched as Serial
=LAS  \\$a15190$b40$c20220516$lBLL01$h1010

