=LDR  01072 am a22003375i 4500
=001  019644964
=003  Uk
=005  20201201183049.0
=006  m\\\\||\\d\|\\\\\\
=007  cr\|||||||||||
=008  191213s2019\\\\xxk|||||o\\\\||||\||eng\\
=FMT  \\$a  BK
=040  \\$aUk$beng$cUk
=245  00$aARC Magazine November 2019 - Conference Issue.
=250  \\$a364
=264  \1$aTaunton :$bArchives and Records Association (UK & Ireland),$c2019.
=300  \\$a1 online resource.
=336  \\$atext$2rdacontent
=337  \\$acomputer$2rdamedia
=338  \\$aonline resource$2rdacarrier
=720  0\$aArchives and Records Association (UK & Ireland)
=859  \\$aELD$bebook
=852  \\$aBritish Library$bHMNTS$cDRT$jELD.DS.478381
=CAT  \\$aBATCH-EBKN$b00$c20191213$lBLL01$h0215
=CAT  \\$aEBKS-FXD$c20191213$lBLL01$h0223
=CAT  \\$aBATCH$b00$c20191213$lBLL01$h0224
=CAT  \\$a14586$b40$c20201201$lBLL01$h1830
=DRT  \\$aLD-ebooks
=SRC  \\$aSubmission Portal
=STA  \\$aSUPPRESSED$bRebatched as Serial
=LAS  \\$a14586$b40$c20201201$lBLL01$h1830

