=LDR  00938cam a22003135i 4500
=001  019676327
=003  Uk
=005  20230308170331.0
=006  m\\\\||\\d\|\\\\\\
=007  cr\|||||||||||
=008  200117s2016\\\\xxk|||||o\\\\||||\||eng\\
=FMT  \\$a  BK
=040  \\$aUk$beng$cUk
=245  00$aSustainability Report 2015-16.
=264  \1$a[London] :$bHome Office,$c[2016]
=300  \\$a1 online resource.
=336  \\$atext$2rdacontent
=337  \\$acomputer$2rdamedia
=338  \\$aonline resource$2rdacarrier
=859  \\$aELD$bebook
=852  \\$aBritish Library$bHMNTS$cDRT$jELD.DS.483973
=CAT  \\$aBATCH-EBKN$b00$c20200117$lBLL01$h0214
=CAT  \\$aEBKS-FXD$c20200117$lBLL01$h0222
=CAT  \\$aBATCH$b00$c20200117$lBLL01$h0223
=CAT  \\$a11279$b40$c20230308$lBLL01$h1703
=DRT  \\$aLD-ebooks
=SRC  \\$aSubmission Portal
=STA  \\$aSUPPRESSED$bRebatched as Serial
=LAS  \\$a11279$b40$c20230308$lBLL01$h1703

