=LDR  00996 am a22003255i 4500
=001  019676328
=003  Uk
=005  20210415152343.0
=006  m\\\\||\\d\|\\\\\\
=007  cr\|||||||||||
=008  200117s2017\\\\xxk|||||o\\\\||||\||eng\\
=FMT  \\$a  BK
=020  \\$a9781474141246
=040  \\$aUk$beng$cUk
=245  00$aNational DNA Database Strategy Board Annual Report 2015/16.
=264  \1$a[London] :$bHome Office,$c2017.
=300  \\$a1 online resource.
=336  \\$atext$2rdacontent
=337  \\$acomputer$2rdamedia
=338  \\$aonline resource$2rdacarrier
=859  \\$aELD$bebook
=852  \\$aBritish Library$bHMNTS$cDRT$jELD.DS.483974
=CAT  \\$aBATCH-EBKN$b00$c20200117$lBLL01$h0214
=CAT  \\$aEBKS-FXD$c20200117$lBLL01$h0222
=CAT  \\$aBATCH$b00$c20200117$lBLL01$h0223
=CAT  \\$a15190$b40$c20210415$lBLL01$h1523
=DRT  \\$aLD-ebooks
=SRC  \\$aSubmission Portal
=STA  \\$aSUPPRESSED$bRebatched as Serial
=LAS  \\$a15190$b40$c20210415$lBLL01$h1523

