=LDR  00963cam a22003135i 4500
=001  019684584
=003  Uk
=005  20230731124943.0
=006  m\\\\||\\d\|\\\\\\
=007  cr\|||||||||||
=008  200123s2013\\\\xxk|||||o\\\\||||\||eng\\
=FMT  \\$a  BK
=040  \\$aUk$beng$cUk
=245  00$aMethodological annex for measuring tax gaps 2013.
=264  \1$aLondon :$bHM Revenue & Customs,$c2013.
=300  \\$a1 online resource.
=336  \\$atext$2rdacontent
=337  \\$acomputer$2rdamedia
=338  \\$aonline resource$2rdacarrier
=859  \\$aELD$bebook
=852  \\$aBritish Library$bHMNTS$cDRT$jELD.DS.485162
=CAT  \\$aBATCH-EBKN$b00$c20200123$lBLL01$h0215
=CAT  \\$aEBKS-FXD$c20200123$lBLL01$h0222
=CAT  \\$aBATCH$b00$c20200123$lBLL01$h0223
=CAT  \\$a15190$b40$c20230731$lBLL01$h1249
=DRT  \\$aLD-ebooks
=SRC  \\$aSubmission Portal
=STA  \\$aSUPPRESSED$bRebatched as Serial
=LAS  \\$a15190$b40$c20230731$lBLL01$h1249

