=LDR  01056cam a22003255i 4500
=001  019686041
=003  Uk
=005  20220302104547.0
=006  m\\\\||\\d\|\\\\\\
=007  cr\|||||||||||
=008  200125s2016\\\\xxk|||||o\\\\||||\||eng\\
=FMT  \\$a  BK
=040  \\$aUk$beng$cUk
=245  00$aPart 3 of The Hole Inside the Earth: The Sea of Lost Intentions :$bVolume 15 (The Hole Inside the Earth)
=264  \1$aLondon, England :$bLazlo Ferran,$c2016.
=300  \\$a1 online resource.
=336  \\$atext$2rdacontent
=337  \\$acomputer$2rdamedia
=338  \\$aonline resource$2rdacarrier
=720  0\$aLazlo Ferran
=859  \\$aELD$bebook
=852  \\$aBritish Library$bHMNTS$cDRT$jELD.DS.485703
=CAT  \\$aBATCH-EBKN$b00$c20200125$lBLL01$h0211
=CAT  \\$aEBKS-FXD$c20200125$lBLL01$h0215
=CAT  \\$aBATCH$b00$c20200125$lBLL01$h0216
=CAT  \\$a14586$b40$c20220302$lBLL01$h1045
=DRT  \\$aLD-ebooks
=SRC  \\$aSubmission Portal
=STA  \\$aSUPPRESSED$bReplaced by updated version
=LAS  \\$a14586$b40$c20220302$lBLL01$h1045

