=LDR  02456cam a2200613 i 4500
=001  019692968
=003  Uk
=005  20220315172458.0
=006  m\\\\||\\d\|\\\\\\
=007  cr\|||||||||||
=008  190406s2019\\\\stka\\\\ob\\\f000\0\eng\d
=FMT  \\$a  BK
=015  \\$aGBC247006$2bnb
=020  \\$a9781787810525$qElectronic book (PDF format)
=037  \\$a9781787810525$bNational Library of Scotland
=040  \\$aStEdNL$beng$cStEdNL$dUk$erda
=042  \\$aukblsr
=082  04$a338.9$223
=245  00$aEurope 2020 :$bScotland's National Reform Programme 2018.
=264  \1$aEdinburgh :$bThe Scottish Government,$c2018.
=300  \\$a1 online resource (ii, 55 pages) :$billustrations (colour)
=336  \\$atext$2rdacontent
=337  \\$acomputer$2rdamedia
=338  \\$aonline resource$2rdacarrier
=504  \\$aIncludes bibliographical references.
=538  \\$aSystem requirements: Adobe Reader required to view PDF document.
=588  \\$aDescription based on online resource; title from PDF title page (Scottish Government, viewed October 14 2019)
=500  \\$a"Published by The Scottish Government, June 2018".
=500  \\$a"PPDAS412906 (06/18)".
=500  \\$a"Produced for The Scottish Government by APS Group Scotland".
=650  \7$aEconomic policy.$2fast$0(OCoLC)fst00902025
=650  \7$aEconomic development$xGovernment policy.$2fast$0(OCoLC)fst00901828
=650  \7$aManpower policy.$2fast$0(OCoLC)fst01007897
=651  \7$aScotland.$2fast$0(OCoLC)fst01206715
=655  \0$aGovernment publications.
=710  1\$aScotland.$bScottish Government,$eissuing body.
=710  2\$aAPS Group Scotland.
=884  \\$aLDL ebooks transformation to marcxml using nls_eb2marc.xsl$g20191121$k9781787810525$qUk
=859  \\$aELD$bebook
=852  \\$aBritish Library$bHMNTS$cDRT$jELD.DS.486552
=CAT  \\$aBATCH-EBKN$b00$c20200130$lBLL01$h0210
=CAT  \\$aBATCH-UPD$b00$c20200130$lBLL01$h0210
=CAT  \\$aEBKS-FXD$c20200130$lBLL01$h0218
=CAT  \\$aBATCH$b00$c20200130$lBLL01$h0218
=CAT  \\$a3391$b40$c20200213$lBLL01$h2005
=CAT  \\$a3391$b40$c20200213$lBLL01$h2006
=CAT  \\$a15190$b40$c20220310$lBLL01$h1505
=CAT  \\$aBATCH-DDC$b00$c20220315$lBLL01$h1724
=CAT  \\$aBATCH$b00$c20220315$lBLL01$h1724
=FIN  \\$aY$d20220315
=DRT  \\$aLD-ebooks
=SRC  \\$aCollection Metadata
=STA  \\$aSUPPRESSED$bRebatched as Serial
=LAS  \\$aBATCH$b00$c20220315$lBLL01$h1724

