=LDR  01156cam a22003375i 4500
=001  019723188
=003  Uk
=005  20230823145037.0
=006  m\\\\||\\d\|\\\\\\
=007  cr\|||||||||||
=008  200222s2015\\\\xxk|||||o\\\\||||\||eng\\
=FMT  \\$a  BK
=040  \\$aUk$beng$cUk
=245  00$aComplaints Received by HSC Trusts, Board and :$bFamily Practitioner Services in Northern Ireland (2014/2015)
=264  \1$aBelfast :$bDepartment of Health, Social Services & Public Safety,$c2015.
=300  \\$a1 online resource.
=336  \\$atext$2rdacontent
=337  \\$acomputer$2rdamedia
=338  \\$aonline resource$2rdacarrier
=500  \\$aRevised Edition
=720  0\$aO'Donnell, Michael; Taggart, Kieran; Fulton, Ruth
=859  \\$aELD$bebook
=852  \\$aBritish Library$bHMNTS$cDRT$jELD.DS.491938
=CAT  \\$aBATCH-EBKN$b00$c20200222$lBLL01$h0217
=CAT  \\$aEBKS-FXD$c20200222$lBLL01$h0222
=CAT  \\$aBATCH$b00$c20200222$lBLL01$h0223
=CAT  \\$a15190$b40$c20230823$lBLL01$h1450
=DRT  \\$aLD-ebooks
=SRC  \\$aSubmission Portal
=STA  \\$aSUPPRESSED$bRebatched as Serial
=LAS  \\$a15190$b40$c20230823$lBLL01$h1450

