=LDR  01070 am a22003135i 4500
=001  019748235
=003  Uk
=005  20210423130136.0
=006  m\\\\||\\d\|\\\\\\
=007  cr\|||||||||||
=008  200313s2020\\\\xxk|||||o\\\\||||\||eng\\
=FMT  \\$a  BK
=040  \\$aUk$beng$cUk
=245  00$aCrop areas in England sourced from the Basic Payment Scheme compared to areas from the Defra June Survey of Agriculture, 2015-2019.
=264  \1$a[UK] :$bDepartment for Environment Food & Rural Affairs,$c2020.
=300  \\$a1 online resource.
=336  \\$atext$2rdacontent
=337  \\$acomputer$2rdamedia
=338  \\$aonline resource$2rdacarrier
=859  \\$aELD$bebook
=852  \\$aBritish Library$bHMNTS$cDRT$jELD.DS.496316
=CAT  \\$aBATCH-EBKN$b00$c20200313$lBLL01$h0215
=CAT  \\$aEBKS-FXD$c20200313$lBLL01$h0223
=CAT  \\$aBATCH$b00$c20200313$lBLL01$h0223
=CAT  \\$a11450$b40$c20210423$lBLL01$h1301
=DRT  \\$aLD-ebooks
=SRC  \\$aSubmission Portal
=STA  \\$aSUPPRESSED$bRebatched as Serial
=LAS  \\$a11450$b40$c20210423$lBLL01$h1301

