=LDR  03787cam a22006131i 4500
=001  019749434
=003  Uk
=005  20220110105930.0
=006  m\\\\||\\d\|\\\\\\
=007  cr\|||||||||||
=008  200312s2020\\\\ii\|||||o\\\\||||\||eng\\
=FMT  \\$a  BK
=015  \\$aGBC112490$2bnb
=020  \\$a9788131256589$qEPUB
=020  \\$a8131256588$qEPUB
=020  \\$z9788131256572
=037  \\$a9788131256589$bIngram Content Group
=040  \\$aUk$beng$cUk
=042  \\$aukblsr
=082  04$a617.96$223
=245  00$aStoelting's anesthesia and co-existing disease /$ceditors, Roberta L. Hines, Katherine E. Marschall.
=250  \\$aThird South Asia edition /$badaptation editors, Jyotsna Agarwal, Aruna Parameswari ; adaptation editor emeritus, Arun K. Paul.
=264  \1$aNew Delhi :$bElsevier,$c[2020].
=300  \\$a1 online resource (726 pages).
=336  \\$atext$2rdacontent
=337  \\$acomputer$2rdamedia
=338  \\$aonline resource$2rdacarrier
=500  \\$a"Adaptation of Stoelting's anesthesia and co-existing disease, seventh edition, edited by Roberta L. Hines and Katherine E. Marschall"--Copyright page.
=505  0\$a<ol><li>Sleep-Related Breathing Disorders </li> <p><li>Obstructive Respiratory Diseases </li> <p><li>Restrictive Respiratory Diseases and Lung Transplantation</li> <p><li>Critical Illness</li> <p><li>Ischemic Heart Disease </li> <p><li>Valvular Heart Disease </li> <p><li>Valvular Heart Disease</li> <p><li>Congenital Heart Disease</li> <p><li>Abnormalities of Cardiac Conduction and Cardiac Rhythm </li> <p><li>Systemic and Pulmonary Arterial Hypertension</li> <p><li>Heart Failure and Cardiomyopathies</li> <p><li>Pericardial Disease and Cardiac Trauma </li> <p><li>Vascular Disease </li> <p><li>Diseases Affecting the Brain</li> <p><li>Spinal Cord Disorders </li> <p><li>Diseases of the Autonomic and Peripheral Nervous Systems </li> <p><li>Diseases of Aging </li> <p><li>Diseases of the Liver and Biliary Tract </li> <p><li>Diseases of the Gastrointestinal System </li> <p><li>Inborn Errors of Metabolism</li> <p><li>Nutritional Diseases: Obesity and Malnutrition</li> <p><li>Fluid, Electrolyte, and Acid-Base Disorders</li> <p><li>Renal Disease </li> <p><li>Endocrine Disease </li> <p><li>Hematologic Disorders </li> <p><li>Skin and Musculoskeletal Diseases</li> <p><li>Infectious Diseases </li> <p><li>Diseases Related to Immune System Dysfunction</li> <p><li>Cancer</li> <p><li>Psychiatric Disease, Substance Abuse, and Drug Overdose</li> <p><li>Pediatric Diseases</li> <p><li>Pregnancy-Associated Diseases </li> <p><li>Diseases of Ear, Nose, and Throat</li> <p><li>Trauma</li> <p><li>Snake and Scorpion Bite</li> <p><li>Burns and Post Burn Sequelae</li> </ol>
=650  \0$aAnesthesia.
=650  \0$aComorbidity.
=700  1\$aHines, Roberta L.,$eeditor.
=700  1\$aMarschall, Katherine E.,$eeditor.
=700  1\$aAgarwal, Jyotsna,$eeditor.
=700  1\$aParameswari, Aruna,$eeditor.
=700  1\$aPaul, Arun Kumar,$eeditor.
=700  1\$aStoelting, Robert K.$tAnesthesia and coexisting disease.
=859  \\$aELD$bebook
=852  \\$aBritish Library$bHMNTS$cDRT$jELD.DS.496585
=BUF  1\$aN$d20210201
=CAT  \\$aBATCH-EBKN$b00$c20200315$lBLL01$h0211
=CAT  \\$aEBKS-FXD$c20200315$lBLL01$h0216
=CAT  \\$aBATCH$b00$c20200315$lBLL01$h0216
=CAT  \\$aBATCH-UPEB$b00$c20210201$lBLL01$h1700
=CAT  \\$aBATCH-UPD$b00$c20210201$lBLL01$h1701
=CAT  \\$a7332$b40$c20210305$lBLL01$h0730
=CAT  \\$a7183$b40$c20220110$lBLL01$h1059
=FIN  \\$aY$d20210201
=DRT  \\$aLD-ebooks
=SRC  \\$aIngrams
=STA  \\$aSUPPRESSED$bE-content not eligible for Non-Print Legal Deposit
=ONS  \7$aMED$x000000$2bisacsh
=ONX  \\$aIN
=LAS  \\$a7183$b40$c20220110$lBLL01$h1059

