=LDR  03958cam a22009011a 4500
=001  019788715
=003  Uk
=005  20221027100837.0
=006  m\\\\||\\d\|\\\\\\
=007  cr\|||||||||||
=008  110717s2009\\\\enk\\\\\ob\\\\000\0\eng\d
=FMT  \\$a  BK
=015  \\$aGBC070765$2bnb
=037  \\$a9781443843133$bCambridge Scholars Publishing
=040  \\$aOCLCE$beng$cOCLCE$dOCLCQ$dIDEBK$dOCLCF$dOCLCQ$dMERUC$dYDXCP$dMHW$dN{dollar}T$dDEBSZ$dOCLCQ$dAGLDB$dOCLCA$dOCLCQ$dVNS$dOCLCQ$dVTS$dOCLCA$dNLE$dOCLCO$dREC$dAU@$dUKMGB$dOCLCA$dUKAHL$dOCLCQ$dOCLCO$dOCLCA$dNLW$dOCLCO$dK6U$dOCLCO$dUKSSU$dUk$epn
=042  \\$aukblsr
=050  \4$aHB2126.8.A3$bA46 2009
=072  \7$aSOC$x007000$2bisacsh
=082  04$a304.8667$222
=100  1\$aAmmassari, Savina.
=245  10$aMigration and development :$bfactoring return into the equation /$cby Savina Ammassari.
=260  \\$aNewcastle upon Tyne :$bCambridge Scholars,$c2009.
=300  \\$a1 online resource (xi, 372 pages).
=336  \\$atext$2rdacontent
=337  \\$acomputer$2rdamedia
=338  \\$aonline resource$2rdacarrier
=504  \\$aIncludes bibliographical references (pages 347-372).
=505  0\$aLIST OF TABLES; ABBREVIATIONS AND ACRONYMS; ACKNOWLEDGEMENTS; CHAPTER ONE; CHAPTER TWO; CHAPTER THREE; CHAPTER FOUR; CHAPTER FIVE; CHAPTER SIX; CHAPTER SEVEN; CHAPTER EIGHT; CHAPTER NINE; CHAPTER TEN; CHAPTER ELEVEN; ANNEXES; ANNEX ONE; ANNEX TWO; ANNEX THREE; ANNEX FOUR; BIBLIOGRAPHY.
=588  0\$aPrint version record.
=650  \0$aReturn migration$zGhana.
=650  \0$aReturn migration$zCôte d'Ivoire.
=650  \0$aReturn migration$xEconomic aspects$zGhana.
=650  \0$aReturn migration$xEconomic aspects$zCôte d'Ivoire.
=650  \0$aReturn migration$xSocial aspects$zGhana.
=650  \0$aReturn migration$xSocial aspects$zCôte d'Ivoire.
=650  \7$aDevelopment studies.$2bicssc
=650  \7$aMigration, immigration & emigration.$2bicssc
=650  \7$aHuman geography.$2bicssc
=650  \7$aSOCIAL SCIENCE$xEmigration & Immigration.$2bisacsh
=650  \7$aEmigration and immigration.$2fast$0(OCoLC)fst00908690
=650  \7$aReturn migration.$2fast$0(OCoLC)fst01096413
=650  \7$aReturn migration$xEconomic aspects.$2fast$0(OCoLC)fst01096415
=650  \7$aReturn migration$xSocial aspects.$2fast$0(OCoLC)fst01096420
=650  \7$aHochqualifizierter Beruf$2gnd
=650  \7$aRückwanderer$2gnd
=650  \7$aWirtschaftsentwicklung$2gnd
=650  \7$aBusiness & Economics.$2hilcc
=650  \7$aDemography.$2hilcc
=651  \0$aGhana$xEmigration and immigration.
=651  \0$aCôte d'Ivoire$xEmigration and immigration.
=651  \7$aCôte d'Ivoire.$2fast$0(OCoLC)fst01219323
=651  \7$aGhana.$2fast$0(OCoLC)fst01208741
=651  \7$aElfenbeinküste$2gnd
=651  \7$aGhana$2gnd
=655  \0$aElectronic books.
=655  \4$aElectronic books.
=690  7\$aSocial Welfare$2blcoll
=859  \\$aELD$bebook
=884  \\$aLDL ebooks tsv to marcxml transformation using Record_Load-eBooks_Legal_Deposit_tsv2marc_v2-0.xsl$g20200506$k9781443843133$qUk
=889  \\$a(OCoLC)741521405
=852  \\$aBritish Library$bHMNTS$cDRT$jELD.DS.504003$qImperfect: incorrect title sent.
=985  \\$aResubmitted eBook record match on ISBN to existing record 017848152
=BUF  1\$aN$d20200615
=CAT  \\$aBATCH-EBKN$b00$c20200516$lBLL01$h0225
=CAT  \\$aEBKS-FXD$c20200516$lBLL01$h0235
=CAT  \\$aBATCH$b00$c20200516$lBLL01$h0237
=CAT  \\$aBATCH-UPEB$b00$c20200615$lBLL01$h1702
=CAT  \\$aBATCH-UPD$b00$c20200615$lBLL01$h1729
=CAT  \\$aBATCH-SWP$c20200619$lBLL01$h2234
=CAT  \\$a7164$b40$c20221027$lBLL01$h1008
=FIN  \\$aY$d20200615
=DRT  \\$aLD-ebooks
=SRC  \\$aCollection Metadata
=STA  \\$aSUPPRESSED$bE-content not adequate for display
=ONS  \7$aGTF$2bicssc
=ONS  \7$aJFFN$2bicssc
=ONS  \7$aRGC$2bicssc
=LAS  \\$a7164$b40$c20221027$lBLL01$h1008

