=LDR  01293 am a22003495i 4500
=001  019809102
=003  Uk
=005  20201201175421.0
=006  m\\\\||\\d\|\\\\\\
=007  cr\|||||||||||
=008  200615s2020\\\\xxk|||||o\\\\||||\||eng\\
=FMT  \\$a  BK
=040  \\$aUk$beng$cUk
=245  00$aARC Magazine March 2020 - Specialist Repositories Issue.
=250  \\$a368
=264  \1$aARA Office, Prioryfield House, 20 Canon Street, Taunton, Somerset, TA1 1SW :$bArchives and Records Association (UK & Ireland),$c2020.
=300  \\$a1 online resource.
=336  \\$atext$2rdacontent
=337  \\$acomputer$2rdamedia
=338  \\$aonline resource$2rdacarrier
=500  \\$aARC magazine is the monthly magazine for the Archives and Records Association. This issue is the specialist repositories group.
=720  0\$aArchives and Records Association (UK & Ireland)
=859  \\$aELD$bebook
=852  \\$aBritish Library$bHMNTS$cDRT$jELD.DS.506333
=CAT  \\$aBATCH-EBKN$b00$c20200615$lBLL01$h0201
=CAT  \\$aEBKS-FXD$c20200615$lBLL01$h0204
=CAT  \\$aBATCH$b00$c20200615$lBLL01$h0204
=CAT  \\$a14586$b40$c20201201$lBLL01$h1754
=DRT  \\$aLD-ebooks
=SRC  \\$aSubmission Portal
=STA  \\$aSUPPRESSED$bRebatched as Serial
=LAS  \\$a14586$b40$c20201201$lBLL01$h1754

