=LDR  01008 am a22003375i 4500
=001  019817134
=003  Uk
=005  20201201174741.0
=006  m\\\\||\\d\|\\\\\\
=007  cr\|||||||||||
=008  200622s2020\\\\xxk|||||o\\\\||||\||eng\\
=FMT  \\$a  BK
=020  \\$a9781913400101
=040  \\$aUk$beng$cUk
=245  00$aKey British Enterprises 2020 :$bVolume 1 A-F.
=264  \1$aLondon :$bGAP Books,$c2020.
=300  \\$a1 online resource.
=336  \\$atext$2rdacontent
=337  \\$acomputer$2rdamedia
=338  \\$aonline resource$2rdacarrier
=720  0\$aPhilipp, Alan
=859  \\$aELD$bebook
=852  \\$aBritish Library$bHMNTS$cDRT$jELD.DS.507805
=CAT  \\$aBATCH-EBKN$b00$c20200622$lBLL01$h0212
=CAT  \\$aEBKS-FXD$c20200622$lBLL01$h0215
=CAT  \\$aBATCH$b00$c20200622$lBLL01$h0216
=CAT  \\$a14586$b40$c20201201$lBLL01$h1747
=DRT  \\$aLD-ebooks
=SRC  \\$aSubmission Portal
=STA  \\$aSUPPRESSED$brebatched as Serial
=LAS  \\$a14586$b40$c20201201$lBLL01$h1747

