=LDR  01244 am a22003495i 4500
=001  019838045
=003  Uk
=005  20201201175306.0
=006  m\\\\||\\d\|\\\\\\
=007  cr\|||||||||||
=008  200711s2020\\\\xxk|||||o\\\\||||\||eng\\
=FMT  \\$a  BK
=040  \\$aUk$beng$cUk
=245  00$aARC Magazine July 2020 - Section for New Professionals Issue.
=250  \\$a371
=264  \1$aTaunton :$bArchives and Records Association (UK & Ireland),$c2020.
=300  \\$a1 online resource.
=336  \\$atext$2rdacontent
=337  \\$acomputer$2rdamedia
=338  \\$aonline resource$2rdacarrier
=500  \\$aARC Magazine is the monthly magazine of the Archives and Records Association. This month's issue is about the Section for New Professionals.
=720  0\$aArchives and Records Association (UK & Ireland)
=859  \\$aELD$bebook
=852  \\$aBritish Library$bHMNTS$cDRT$jELD.DS.515432
=CAT  \\$aBATCH-EBKN$b00$c20200711$lBLL01$h0211
=CAT  \\$aEBKS-FXD$c20200711$lBLL01$h0216
=CAT  \\$aBATCH$b00$c20200711$lBLL01$h0216
=CAT  \\$a14586$b40$c20201201$lBLL01$h1753
=DRT  \\$aLD-ebooks
=SRC  \\$aSubmission Portal
=STA  \\$aSUPPRESSED$bRebatched as Serial
=LAS  \\$a14586$b40$c20201201$lBLL01$h1753

