=LDR  01032 am a22003135i 4500
=001  019845560
=003  Uk
=005  20200904101408.0
=006  m\\\\||\\d\|\\\\\\
=007  cr\|||||||||||
=008  200720s2020\\\\xxk|||||o\\\\||||\||eng\\
=FMT  \\$a  BK
=040  \\$aUk$beng$cUk
=245  00$aProvisional publication of Never Events reported as occurring between :$b1 April 2019 and 29th February 2020.
=264  \1$a[UK] :$bNHS England and NHS Improvement,$c2020.
=300  \\$a1 online resource.
=336  \\$atext$2rdacontent
=337  \\$acomputer$2rdamedia
=338  \\$aonline resource$2rdacarrier
=859  \\$aELD$bebook
=852  \\$aBritish Library$bHMNTS$cDRT$jELD.DS.518171
=CAT  \\$aBATCH-EBKN$b00$c20200720$lBLL01$h0218
=CAT  \\$aEBKS-FXD$c20200720$lBLL01$h0223
=CAT  \\$aBATCH$b00$c20200720$lBLL01$h0224
=CAT  \\$a15190$b40$c20200904$lBLL01$h1014
=DRT  \\$aLD-ebooks
=SRC  \\$aSubmission Portal
=STA  \\$aSUPPRESSED$bRebatched as Serial
=LAS  \\$a15190$b40$c20200904$lBLL01$h1014

