=LDR  02617cam a22004455i 4500
=001  019850913
=003  Uk
=005  20220110112028.0
=006  m\\\\||\\d\|\\\\\\
=007  cr\|||||||||||
=008  200720s2020\\\\|||||||eo\\\\||||\||eng\\
=FMT  \\$a  BK
=020  \\$a9788131262948$qPDF
=020  \\$a8131262944$qPDF
=037  \\$a9788131262948$bIngram Content Group
=040  \\$aUk$beng$cUk
=072  \7$aMED$x045000$2bisacsh
=100  1\$aMoore, Keith L.,$eauthor$uProfessor Emeritus, Division of Anatomy, Department of Surgery, Former Professor and Chair, Department of Anatomy and Associate Dean for Basic Medical Sciences, Faculty of Medicine, University of Toro
=245  10$aBefore we are Born, 10th Edition-South Asia Edition Ebook /$cKeith L. Moore.
=250  \\$a10th
=264  \1$bElsevier India,$c2020.
=300  \\$a1 online resource (348 pages)
=336  \\$atext$2rdacontent
=337  \\$acomputer$2rdamedia
=338  \\$aonline resource$2rdacarrier
=505  0\$a<p>1. Introduction to Human Development</p><b> <p>2. </b>Human Reproduction</p><b> <p>3. </b>First Week of Human Development</p><b> <p>4. </b>Second Week of Human Development</p><b> <p>5. </b>Third Week of Human Development</p><b> <p>6. </b>Fourth to Eighth Weeks of Human Development</p><b> <p>7. </b>Fetal Period: The Ninth Week to Birth</p><b> <p>8. </b>Placenta and Fetal Membranes</p><b> <p>9. </b>Body Cavities, Mesenteries, and Diaphragm</p><b> <p>10. </b>Pharyngeal Apparatus, Face, and Neck</p><b> <p>11. </b>Respiratory System</p><b> <p>12. </b>Alimentary System</p><b> <p>13. </b>Urogenital System</p><b> <p>14. </b>Cardiovascular System</p><b> <p>15. </b>Musculoskeletal System </p><b> <p>16. </b>Nervous System</p><b> <p>17. </b>Development of Eyes and Ears</p><b> <p>18. </b>Integumentary System</p><b> <p>19. </b>Human Birth Defects</p><b> <p>20. </b>The Cellular and Molecular Basis of Development</p> <p>Bibliography and Suggested Reading</p> <p>Appendix: Answers to Clinically Oriented Questions</p> <p>Index</p>
=859  \\$aELD$bebook
=852  \\$aBritish Library$bHMNTS$cDRT$jELD.DS.518554
=CAT  \\$aBATCH-EBKN$b00$c20200723$lBLL01$h0217
=CAT  \\$aBATCH-UPD$b00$c20200723$lBLL01$h0218
=CAT  \\$aEBKS-FXD$c20200723$lBLL01$h0224
=CAT  \\$aBATCH$b00$c20200723$lBLL01$h0225
=CAT  \\$a7183$b40$c20220110$lBLL01$h1120
=DRT  \\$aLD-ebooks
=SRC  \\$aIngrams
=STA  \\$aSUPPRESSED$bE-content not eligible for Non-Print Legal Deposit
=ONX  \\$aIN
=ONS  \7$aMED$x033000$2bisacsh
=ONS  \7$aMED$b045000$2bisacsh
=LAS  \\$a7183$b40$c20220110$lBLL01$h1120

