=LDR  00932cam a22003135i 4500
=001  019855498
=003  Uk
=005  20230417130647.0
=006  m\\\\||\\d\|\\\\\\
=007  cr\|||||||||||
=008  200726s2020\\\\xxk|||||o\\\\||||\||eng\\
=FMT  \\$a  BK
=040  \\$aUk$beng$cUk
=245  00$aSupplier Performance Report (SPR)
=264  \1$aLondon :$bOfgem,$c2020.
=300  \\$a1 online resource.
=336  \\$atext$2rdacontent
=337  \\$acomputer$2rdamedia
=338  \\$aonline resource$2rdacarrier
=859  \\$aELD$bebook
=852  \\$aBritish Library$bHMNTS$cDRT$jELD.DS.522866
=CAT  \\$aBATCH-EBKN$b00$c20200726$lBLL01$h0212
=CAT  \\$aEBKS-FXD$c20200726$lBLL01$h0217
=CAT  \\$aBATCH$b00$c20200726$lBLL01$h0218
=CAT  \\$a15190$b40$c20230417$lBLL01$h1306
=DRT  \\$aLD-ebooks
=SRC  \\$aSubmission Portal
=STA  \\$aSUPPRESSED$bRebatched as Serial
=LAS  \\$a15190$b40$c20230417$lBLL01$h1306

