=LDR  01000cam a22003255i 4500
=001  019862486
=003  Uk
=005  20230725163216.0
=006  m\\\\||\\d\|\\\\\\
=007  cr\|||||||||||
=008  200801s2020\\\\xxk|||||o\\\\||||\||eng\\
=FMT  \\$a  BK
=040  \\$aUk$beng$cUk
=245  00$aFarm Practices Survey Autumn 2019 - England.
=264  \1$aUK :$bDepartment for Environment, Food and Rural,$c2020.
=300  \\$a1 online resource.
=336  \\$atext$2rdacontent
=337  \\$acomputer$2rdamedia
=338  \\$aonline resource$2rdacarrier
=500  \\$a5th March 2020
=859  \\$aELD$bebook
=852  \\$aBritish Library$bHMNTS$cDRT$jELD.DS.526674
=CAT  \\$aBATCH-EBKN$b00$c20200801$lBLL01$h0210
=CAT  \\$aEBKS-FXD$c20200801$lBLL01$h0217
=CAT  \\$aBATCH$b00$c20200801$lBLL01$h0218
=CAT  \\$a11279$b40$c20230725$lBLL01$h1632
=DRT  \\$aLD-ebooks
=SRC  \\$aSubmission Portal
=STA  \\$aSUPPRESSED$bLanding page
=LAS  \\$a11279$b40$c20230725$lBLL01$h1632

