=LDR  01017cam a22003135i 4500
=001  019862535
=003  Uk
=005  20220201122203.0
=006  m\\\\||\\d\|\\\\\\
=007  cr\|||||||||||
=008  200801s2020\\\\xxk|||||o\\\\||||\||eng\\
=FMT  \\$a  BK
=040  \\$aUk$beng$cUk
=245  00$aPlant Health - international trade and controlled consignments, 2014-2018.
=264  \1$aUK :$bDepartment for Environment, Food and Rural Affairs,$c[2020]
=300  \\$a1 online resource.
=336  \\$atext$2rdacontent
=337  \\$acomputer$2rdamedia
=338  \\$aonline resource$2rdacarrier
=859  \\$aELD$bebook
=852  \\$aBritish Library$bHMNTS$cDRT$jELD.DS.526723
=CAT  \\$aBATCH-EBKN$b00$c20200801$lBLL01$h0210
=CAT  \\$aEBKS-FXD$c20200801$lBLL01$h0217
=CAT  \\$aBATCH$b00$c20200801$lBLL01$h0218
=CAT  \\$a15190$b40$c20220201$lBLL01$h1222
=DRT  \\$aLD-ebooks
=SRC  \\$aSubmission Portal
=STA  \\$aSUPPRESSED$bRebatched as Serial
=LAS  \\$a15190$b40$c20220201$lBLL01$h1222

