=LDR  01040 am a22003135i 4500
=001  019874664
=003  Uk
=005  20210730110326.0
=006  m\\\\||\\d\|\\\\\\
=007  cr\|||||||||||
=008  200809s2020\\\\xxk|||||o\\\\||||\||eng\\
=FMT  \\$a  BK
=040  \\$aUk$beng$cUk
=245  00$aFinal and interim proven reoffending statistics for Community :$bRehabilitation Companies and the National Probation Service.
=264  \1$aLondon :$bMinistry of Justice,$c2020.
=300  \\$a1 online resource.
=336  \\$atext$2rdacontent
=337  \\$acomputer$2rdamedia
=338  \\$aonline resource$2rdacarrier
=859  \\$aELD$bebook
=852  \\$aBritish Library$bHMNTS$cDRT$jELD.DS.532356
=CAT  \\$aBATCH-EBKN$b00$c20200809$lBLL01$h0209
=CAT  \\$aEBKS-FXD$c20200809$lBLL01$h0215
=CAT  \\$aBATCH$b00$c20200809$lBLL01$h0216
=CAT  \\$a15190$b40$c20210730$lBLL01$h1103
=DRT  \\$aLD-ebooks
=SRC  \\$aSubmission Portal
=STA  \\$aSUPPRESSED$bRebatched as a Serial
=LAS  \\$a15190$b40$c20210730$lBLL01$h1103

