=LDR  01188 am a22003375i 4500
=001  019889202
=003  Uk
=005  20210428151708.0
=006  m\\\\||\\d\|\\\\\\
=007  cr\|||||||||||
=008  200820s2020\\\\xxk|||||o\\\\||||\||eng\\
=FMT  \\$a  BK
=040  \\$aUk$beng$cUk
=245  00$aForward programme 2020-21 /$cRegulators' Alliance for Progressing Infrastructure Development.
=264  \1$aBirmingham :$bOfwat,$c2020.
=300  \\$a1 online resource.
=336  \\$atext$2rdacontent
=337  \\$acomputer$2rdamedia
=338  \\$aonline resource$2rdacarrier
=859  \\$aELD$bebook
=852  \\$aBritish Library$bHMNTS$cDRT$jELD.DS.538799
=985  \\$a{dollar}c added in 245 to make clear that this isn't the same as "Ofwat forward programme" 020115432 when cataloguing that one - GC.
=CAT  \\$aBATCH-EBKN$b00$c20200820$lBLL01$h0215
=CAT  \\$aEBKS-FXD$c20200820$lBLL01$h0227
=CAT  \\$aBATCH$b00$c20200820$lBLL01$h0229
=CAT  \\$a3072$b40$c20210224$lBLL01$h1126
=CAT  \\$a15190$b40$c20210428$lBLL01$h1517
=DRT  \\$aLD-ebooks
=SRC  \\$aSubmission Portal
=STA  \\$aSUPPRESSED$bRebatched as Serial
=LAS  \\$a15190$b40$c20210428$lBLL01$h1517

