=LDR  00929 am a22003135i 4500
=001  019889211
=003  Uk
=005  20201027120254.0
=006  m\\\\||\\d\|\\\\\\
=007  cr\|||||||||||
=008  200820s2020\\\\xxk|||||o\\\\||||\||eng\\
=FMT  \\$a  BK
=040  \\$aUk$beng$cUk
=245  00$aEffects of Covid-19 on TV viewing.
=264  \1$aUK :$bOfcom,$c2020.
=300  \\$a1 online resource.
=336  \\$atext$2rdacontent
=337  \\$acomputer$2rdamedia
=338  \\$aonline resource$2rdacarrier
=859  \\$aELD$bebook
=852  \\$aBritish Library$bHMNTS$cDRT$jELD.DS.538808
=CAT  \\$aBATCH-EBKN$b00$c20200820$lBLL01$h0215
=CAT  \\$aEBKS-FXD$c20200820$lBLL01$h0227
=CAT  \\$aBATCH$b00$c20200820$lBLL01$h0229
=CAT  \\$a15190$b40$c20201027$lBLL01$h1202
=DRT  \\$aLD-ebooks
=SRC  \\$aSubmission Portal
=STA  \\$aSUPPRESSED$bRebatched as Serial
=LAS  \\$a15190$b40$c20201027$lBLL01$h1202

