=LDR  00976 am a22003255i 4500
=001  019893370
=003  Uk
=005  20201028110200.0
=006  m\\\\||\\d\|\\\\\\
=007  cr\|||||||||||
=008  200822s2020\\\\xxk|||||o\\\\||||\||eng\\
=FMT  \\$a  BK
=040  \\$aUk$beng$cUk
=245  00$aEffects of Covid-19 on TV viewing.
=264  \1$aUK :$bOfcom,$c2020.
=300  \\$a1 online resource.
=336  \\$atext$2rdacontent
=337  \\$acomputer$2rdamedia
=338  \\$aonline resource$2rdacarrier
=859  \\$aELD$bebook
=852  \\$aBritish Library$bHMNTS$cDRT$jELD.DS.540699
=CAT  \\$aBATCH-EBKN$b00$c20200822$lBLL01$h0226
=CAT  \\$aEBKS-FXD$c20200822$lBLL01$h0237
=CAT  \\$aBATCH$b00$c20200822$lBLL01$h0238
=CAT  \\$a15190$b40$c20201027$lBLL01$h1454
=CAT  \\$a6550$b40$c20201028$lBLL01$h1102
=DRT  \\$aLD-ebooks
=SRC  \\$aSubmission Portal
=STA  \\$aSUPPRESSED$bRebatched as Serial
=LAS  \\$a6550$b40$c20201028$lBLL01$h1102

