=LDR  01061cam a22003375i 4500
=001  019893373
=003  Uk
=005  20230906093200.0
=006  m\\\\||\\d\|\\\\\\
=007  cr\|||||||||||
=008  200822s2020\\\\xxk|||||o\\\\||||\||eng\\
=FMT  \\$a  BK
=040  \\$aUk$beng$cUk
=245  00$aCovid-19 news and information :$bsummary of views about misinformation.
=264  \1$aUK :$bOfcom,$c2020.
=300  \\$a1 online resource.
=336  \\$atext$2rdacontent
=337  \\$acomputer$2rdamedia
=338  \\$aonline resource$2rdacarrier
=500  \\$aPublication date: 9 June 2020.
=859  \\$aELD$bebook
=852  \\$aBritish Library$bHMNTS$cDRT$jELD.DS.540702
=CAT  \\$aBATCH-EBKN$b00$c20200822$lBLL01$h0226
=CAT  \\$aEBKS-FXD$c20200822$lBLL01$h0237
=CAT  \\$aBATCH$b00$c20200822$lBLL01$h0238
=CAT  \\$a3072$b40$c20230824$lBLL01$h1236
=CAT  \\$a14412$b40$c20230906$lBLL01$h0932
=DRT  \\$aLD-ebooks
=SRC  \\$aSubmission Portal
=STA  \\$aSUPPRESSED$bRebatched as Serial
=LAS  \\$a14412$b40$c20230906$lBLL01$h0932

