=LDR  07746cam a22004335i 4500
=001  019901748
=003  Uk
=005  20220110115010.0
=006  m\\\\||\\d\|\\\\\\
=007  cr\|||||||||||
=008  200825s2020\\\\|||||||fo\\\\||||\||eng\\
=FMT  \\$a  BK
=020  \\$a9788131257746$qEPUB
=020  \\$a8131257746$qEPUB
=037  \\$a9788131257746$bIngram Content Group
=040  \\$aUk$beng$cUk
=100  1\$aVaz, Mario$eauthor$uHead Health & Humanities Division<br>St. John's Research Institute<br><br>Professor of Physiology<br>St. John's Medical College<br>Bangalore - 560 034, INDIA
=245  10$aGuyton & Hall Textbook of Medical Physiology_3rd SAE-E-book :$bThird South Asia Edition /$cMario Vaz, Anura Kurpad, Tony Raj.
=250  \\$a3rd
=264  \1$bElsevier India,$c2020.
=300  \\$a1 online resource (1070 pages)
=336  \\$atext$2rdacontent
=337  \\$acomputer$2rdamedia
=338  \\$aonline resource$2rdacarrier
=505  0\$a<p>SECTION I General Physiology</p> <p>1 Functional Organization of the Human Body and Control of the "Internal Environment"</p> <p>2 The Cell and its Functions </p> <p>3 Genetic Control of Protein Synthesis, Cell Function, and Cell Reproduction </p> <p>4 Transport of Substances Through Cell Membranes</p> <p>5 The Body Fluid Compartments</p> <p>6 Intracellular and Extracellular Fluid Compartments and Edema</p> <p>7 Resting Membrane Potential SECTION II Nerve and Muscle Physiology</p> <p>8 Stimulus and Excitability of Nerve</p> <p>9 Action Potential of the Nerve</p> <p>10 Propagation of the Nerve Impulse</p> <p>11 Peripheral Nerve Damage</p> <p>12 Neuromuscular Transmission</p> <p>13 Excitation-Contraction Coupling</p> <p>14 Molecular Basis of Skeletal Muscle Contraction</p> <p>15 Chemical Changes During Skeletal Muscle Contraction</p> <p>16 Characteristics of Skeletal Muscle Contraction</p> <p>17 Applied Skeletal Muscle Physiology</p> <p>SECTION III Blood and Its Constituents</p> <p>18 Introduction to Blood and Plasma Proteins</p> <p>19 Red Blood Cells (Erythrocytes)</p> <p>20 Erythropoiesis</p> <p>21 Hemoglobin</p> <p>22 Anemia and Polycythemia</p> <p>23 Jaundice</p> <p>24 White Blood Cells</p> <p>25 Immunity and Allergy</p> <p>26 Platelets</p> <p>27 Blood Coagulation</p> <p>28 Blood Groups </p> <p>SECTION IV Cardiovascular Physiology</p> <p>29 Organization of the Cardiovascular System</p> <p>30 Properties of Cardiac Muscle</p> <p>31 Cardiac Action Potentials</p> <p>32 Origin and Conduction of the Cardiac Impulse</p> <p>33 The Normal Electrocardiogram</p> <p>34 Clinical Applications of the Electrocardiogram</p> <p>35 Cardiac Cycle</p> <p>36 Cardiac Output and Venous Return</p> <p>37 Regulation of Cardiac Output</p> <p>38 Hemodynamics</p> <p>39 Microcirculation</p> <p>40 The Lymphatic System</p> <p>41 Vascular Distensibility of the Venous System</p> <p>42 Determinants of Arterial Blood Pressure</p> <p>43 Short-Term Regulation of Arterial Blood Pressure</p> <p>44 Long-Term Regulation of Arterial Blood Pressure</p> <p>45 Regional Circulation: An Overview</p> <p>46 Coronary Circulation</p> <p>47 Cerebral Circulation</p> <p>48 Splanchnic Circulation</p> <p>49 Fetal and Neonatal Circulation</p> <p>50 Valvular Heart Disease</p> <p>51 Cardiac Failure</p> <p>52 Circulatory Shock </p> <p>SECTION V Respiratory Physiology</p> <p>53 Organization of the Respiratory System</p> <p>54 Mechanics of Breathing</p> <p>55 Lung Volumes and Capacities</p> <p>56 Ventilation</p> <p>57 Pulmonary Circulation</p> <p>58 Diffusion of Gases</p> <p>59 Oxygen Transport</p> <p>60 Carbon Dioxide Transport</p> <p>61 Chemical Regulation of Respiration</p> <p>62 Neural Regulation of Respiration</p> <p>63 Respiration in Unusual Environments</p> <p>64 Applied Respiratory Physiology</p> <p>SECTION VI Gastrointestinal Physiology</p> <p>65 Organization of the Gastrointestinal System</p> <p>66 Salivary Glands and Secretion</p> <p>67 Gastric Secretions</p> <p>68 Exocrine Pancreas</p> <p>69 Functions of the Liver</p> <p>70 Digestion and Absorption of Carbohydrates</p> <p>71 Digestion and Absorption of Proteins</p> <p>72 Digestion and Absorption of Fats</p> <p>73 Functions of the Large Intestine</p> <p>74 Gastrointestinal Motility</p> <p>75 Physiology of Gastrointestinal Diseases </p> <p>SECTION VII Renal Physiology</p> <p>76 Functional Anatomy of the Kidney</p> <p>77 Urine Formation by the Kidneys: Renal Blood Flow, Glomerular Filtration, and Their Control</p> <p>78 Tubular Function</p> <p>79 Concentration and Dilution of Urine</p> <p>80 Control of Extracellular Fluid Osmolarity and Sodium Concentration</p> <p>81 Renal Regulation of Potassium, Calcium, Phosphate, and Magnesium</p> <p>82 Acid-Base Regulation</p> <p>83 Micturition</p> <p>84 Applied Physiology of the Renal System </p> <p>SECTION VIII The Endocrine System</p> <p>85 Organization of the Endocrine System</p> <p>86 Hormone-Receptor Interactions</p> <p>87 Anterior Pituitary Gland and Hypothalamus</p> <p>88 Posterior Pituitary Gland</p> <p>89 Thyroid Gland</p> <p>90 Calcium Homeostasis</p> <p>91 Adrenal Cortex</p> <p>92 Adrenal Medulla</p> <p>93 Endocrine Pancreas and Glucose Homeostasis</p> <p>SECTION IX Reproductive Physiology</p> <p>94 Physiological Anatomy of the Male Sexual Organs and Spermatogenesis</p> <p>95 Testosterone and Other Male Sex Hormones</p> <p>96 Female Physiology Before Pregnancy and Female Hormones</p> <p>97 The Sexual Act and Fertilization</p> <p>98 Physiology of Pregnancy</p> <p>99 Parturition and Lactation </p> <p>SECTION X Central Nervous System</p> <p>100 Organization of the Central Nervous System </p> <p>PART ISensory System </p> <p>101 Synapses</p> <p>102 Sensory Receptors</p> <p>103 Somatic Sensory Pathways</p> <p>104 Pain and Temperature</p> <p>105 Somatosensory Cortex</p> <p>PART II Special Senses </p> <p>106 Taste and Smell </p> <p>107 Hearing </p> <p>108 Optics of Vision </p> <p>109 The Retina </p> <p>110 Visual Pathways and Central Processing </p> <p>PART III Motor System </p> <p>111 Introduction to the Motor System: Spinal Cord </p> <p>112 Cortical and Brainstem Control of Motor Function: The Pyramidal Tract </p> <p>113 Muscle Spindle </p> <p>114 Motor Reflexes </p> <p>115 Regulation of Tone and Posture </p> <p>116 Cerebellum </p> <p>117 Vestibular Apparatus </p> <p>118 Basal Ganglia </p> <p>PART IV Other Functions and Activities of the Brain </p> <p>119 The Autonomic Nervous System </p> <p>120 Functions of the Hypothalamus </p> <p>121 Cerebrospinal Fluid </p> <p>122 Electroencephalography and Epilepsy </p> <p>123 Sleep </p> <p>124 The Limbic System and Behavior </p> <p>125 Learning and Memory </p> <p>126 Cortical Function, Cerebral Lateralization, and Speech </p> <p>SECTION XI Miscellaneous Topics</p> <p>127 Components of Energy Expenditure </p> <p>128 Body Temperature Regulation and Cutaneous Circulation </p> <p>129 Physiology of starvation and obesity</p> <p>130 Physiology of physical activity and inactivity</p> <p>131<b> </b>Physiological responses to Exercise in extreme heat and cold</p> <p>132<b> </b>Physiology of stress</p> <p>133 Transition from fetus to newborn, and infancy</p> <p>134 Physiological Changes With Aging</p> <p>Index </p>
=700  1\$aKurpad, Anura$eauthor
=700  1\$aRaj, Tony$eauthor
=859  \\$aELD$bebook
=852  \\$aBritish Library$bHMNTS$cDRT$jELD.DS.544398
=CAT  \\$aBATCH-EBKN$b00$c20200828$lBLL01$h0223
=CAT  \\$aEBKS-FXD$c20200828$lBLL01$h0246
=CAT  \\$aBATCH$b00$c20200828$lBLL01$h0248
=CAT  \\$a7183$b40$c20220110$lBLL01$h1150
=DRT  \\$aLD-ebooks
=SRC  \\$aIngrams
=STA  \\$aSUPPRESSED$bE-content not eligible for Non-Print Legal Deposit
=ONX  \\$aIN
=ONS  \7$aMED$x075000$2bisacsh
=LAS  \\$a7183$b40$c20220110$lBLL01$h1150

