=LDR  01119 am a22003255i 4500
=001  019905861
=003  Uk
=005  20210111163359.0
=006  m\\\\||\\d\|\\\\\\
=007  cr\|||||||||||
=008  200830s2020\\\\xxk|||||o\\\\||||\||eng\\
=FMT  \\$a  BK
=040  \\$aUk$beng$cUk
=245  00$aAnalysis of death registrations not involving coronavirus (COVID-19), England and Wales :$b28 December 2019 to 1 May 2020.
=264  \1$aUK :$bOffice for National Statistics,$c2020.
=300  \\$a1 online resource.
=336  \\$atext$2rdacontent
=337  \\$acomputer$2rdamedia
=338  \\$aonline resource$2rdacarrier
=500  \\$aArticle | 5 June 2020 | On advice of ELD Cat - Treat as Mono
=859  \\$aELD$bebook
=852  \\$aBritish Library$bHMNTS$cDRT$jELD.DS.546911
=CAT  \\$aBATCH-EBKN$b00$c20200830$lBLL01$h0215
=CAT  \\$aEBKS-FXD$c20200830$lBLL01$h0219
=CAT  \\$aBATCH$b00$c20200830$lBLL01$h0219
=CAT  \\$a15190$b40$c20210111$lBLL01$h1633
=DRT  \\$aLD-ebooks
=SRC  \\$aSubmission Portal
=STA  \\$aSUPPRESSED$bRebatched as Serial
=LAS  \\$a15190$b40$c20210111$lBLL01$h1633

