=LDR  01087cam a22003375i 4500
=001  019905872
=003  Uk
=005  20220107112325.0
=006  m\\\\||\\d\|\\\\\\
=007  cr\|||||||||||
=008  200830s2020\\\\xxk|||||o\\\\||||\||eng\\
=FMT  \\$a  BK
=040  \\$aUk$beng$cUk
=245  00$aOutcome Indicator Framework for the 25 Year Environment Plan :$b2020 Update.
=264  \1$aUK :$bDepartment for Environment Food & Rural Affairs,$c2020.
=300  \\$a1 online resource.
=336  \\$atext$2rdacontent
=337  \\$acomputer$2rdamedia
=338  \\$aonline resource$2rdacarrier
=500  \\$aMay 2020
=859  \\$aELD$bebook
=852  \\$aBritish Library$bHMNTS$cDRT$jELD.DS.546922
=CAT  \\$aBATCH-EBKN$b00$c20200830$lBLL01$h0215
=CAT  \\$aEBKS-FXD$c20200830$lBLL01$h0219
=CAT  \\$aBATCH$b00$c20200830$lBLL01$h0219
=CAT  \\$a15190$b40$c20220107$lBLL01$h1120
=CAT  \\$a15190$b40$c20220107$lBLL01$h1123
=DRT  \\$aLD-ebooks
=SRC  \\$aSubmission Portal
=STA  \\$aSUPPRESSED$bRebatched as Serial
=LAS  \\$a15190$b40$c20220107$lBLL01$h1123

