=LDR  07597cam a22003975i 4500
=001  019906252
=003  Uk
=005  20220110105547.0
=006  m\\\\||\\d\|\\\\\\
=007  cr\|||||||||||
=008  200828s2020\\\\|||||||fo\\\\||||\||eng\\
=FMT  \\$a  BK
=020  \\$a9788131254325$qEPUB
=020  \\$a8131254321$qEPUB
=037  \\$a9788131254325$bIngram Content Group
=040  \\$aUk$beng$cUk
=245  00$aElsevier Clinical Skills Manual, First South Asia Edition - eBook :$bNursing Foundation /$cHarindar Jeet Dr Goyal.
=264  \1$bElsevier India,$c2020.
=300  \\$a1 online resource (556 pages)
=336  \\$atext$2rdacontent
=337  \\$acomputer$2rdamedia
=338  \\$aonline resource$2rdacarrier
=505  0\$a<ol> <li>Admission</li> <p> <li>Transfer</li> <p> <li>Discharge</li> <b> <p>Vital Signs</p></b> <p> <li>Body Temperature Measurement</li> <p> <li>Radial Pulse</li> <p> <li>Apical Pulse</li> <p> <li>Pulse Oximetry</li> <p> <li>Blood Pressure</li> <b> <p>Health Assessment </p></b> <p> <li>Assessment: General Survey</li> <p> <li>Assessment: Cardiovascular</li> <p> <li>Assessment: Respirations</li> <p> <li>Assessment: Thorax and Lungs</li> <p> <li>Assessment: Head and Neck</li> <p> <li>Assessment: Abdomen, Genitalia, and Rectum</li> <p> <li>Assessment: Musculoskeletal and Neurologic</li> <p> <li>Assessment: Intake and Output</li> <p> <li>Assessment: Nutrition Screening</li> <p> <li>Assessment: Wound</li> <p> <li>Bed Making</li> <p> <li>Pain Assessment and Management</li> <b> <p>Hygiene</p></b> <p> <li>Oral Hygiene</li> <p> <li>Oral Hygiene for Unconscious or Debilitated Patients</li> <p> <li>Pressure Injury: Risk Assessment and Prevention</li> <p> <li>Pressure Injury: Treatment</li> <p> <li>Shampooing Hair of Bed-Bound Patients</li> <p> <li>Feeding Assistance for Oral Nutrition</li> <p> <li>Feeding Tube: Verification of Placement </li> <p> <li>Feeding Tube: Enteral Nutrition via Nasoenteric, Gastrostomy, or Jejunostomy Tube</li> <p> <li>Nasogastric Tube: Insertion, Irrigation, and Removal</li> <p> <li>Urinal Use</li> <p> <li>Bedpans</li> <p> <li>Urinary Catheter: Condom</li> <p> <li>Perineal Care</li> <p> <li>Urinary Catheter: Indwelling (Foley) Catheter Care</li> <p> <li>Urinary Catheter: Indwelling (Foley) Catheter Removal</li> <p> <li>Urinary Catheter: Closed Continuous (Foley) Irrigation</li> <p> <li>Enemas</li> <p> <li>Whole Bowel Irrigation</li> <b> <p>Range of Motion Exercises</p></b> <p> <li>Range of Motion: Cervical Spine (Rehabilitation Therapy)</li> <p> <li>Range of Motion: Thoracic and Lumbar Spine (Rehabilitation Therapy)</li> <p> <li>Range of Motion: Shoulder (Rehabilitation Therapy)</li> <p> <li>Range of Motion: Elbow (Rehabilitation Therapy)</li> <p> <li>Range of Motion: Wrist (Rehabilitation Therapy)</li> <p> <li>Range of Motion: Hand (Rehabilitation Therapy)</li> <p> <li>Range of Motion: Hip (Rehabilitation Therapy)</li> <p> <li>Range of Motion: Knee (Rehabilitation Therapy)</li> <p> <li>Range of Motion: Ankle and Foot (Rehabilitation Therapy)</li> <b> <p>Positioning</p></b> <p> <li>Patient Positioning: Supported Fowler</li> <p> <li>Patient Positioning: Supine or Prone</li> <p> <li>Patient Positioning: Lateral, Sims (Semiprone), and Log Rolling</li> <p> <li>Patient Positioning: Lithotomy (Perioperative)</li> <p> <li>Patient Positioning: Trendelenburg (Perioperative)</li> <b> <p>Transfer of Patient</p></b> <p> <li>Transfer Technique: Assisting Patients to Sitting Position and Assisting Patients from Bed to Chair</li> <p> <li>Transfer Technique: Horizontal Transfer of Patients from Bed to Stretcher (Slide Board or Friction-Reducing Board)</li> <p> <li>Transfer Technique: Using Mechanical Lifting Device</li> <b> <p>Restraints</p></b> <p> <li>Restraint Application and Monitoring</li> <b> <p>Oxygen Administration</p></b> <p> <li>Oxygen Therapy and Oxygen Delivery</li> <p> <li>Nasal Cannula or Oxygen Mask Application</li> <b> <p>Suctioning</p></b> <p> <li>Suctioning</li> <p> <li>Chest Physiotherapy: Postural Drainage</li> <p> <li>Chest Physiotherapy: Percussion and Vibration</li> <p> <li>Chest Tube: Closed Drainage Systems</li> <p> <li>Chest Tube: Closed Drainage System Management</li> <b> <p>Cardiopulmonary Resuscitation</p></b> <p> <li>Cardiopulmonary Resuscitation</li> <b> <p>Intravenous Therapy</p></b> <p> <li>Intravenous Therapy: Initiation</li> <p> <li>Intravenous Therapy: Regulation of Flow Rate</li> <p> <li>Intravenous Therapy: Dressing Change</li> <p> <li>Intravenous Therapy: Discontinuation</li> <b> <p>Blood Therapy</p></b> <p> <li>Blood Products Administration</li> <b> <p>Specimen Collection</p></b> <p> <li>Specimen Collection: Timed Urine Specimen</li> <p> <li>Specimen Collection: Urine from Indwelling (Foley) Catheter</li> <p> <li>Specimen Collection: Urine Screening for Glucose, Ketones, Protein, Blood, pH, and Specific Gravity</li> <p> <li>Specimen Collection: Midstream (Clean-Voided) Urine</li> <p> <li>Specimen Collection: Stool</li> <p> <li>Specimen Collection: Sputum</li> <p> <li>Blood Specimen Collection: Venipuncture Syringe Method and Venipuncture Vacuum-Extraction Method</li> <p> <li>Blood Specimen Collection: Blood Cultures</li> <p> <li>Specimen Collection: Nose and Throat Specimens for Culture</li> <p> <li>Specimen Collection: Vaginal or Urethral Discharge</li> <b> <p>Hot and Cold Applications</p></b> <p> <li>Cold Applications</li> <p> <li>Moist Heat: Compresses and Sitz Baths</li> <b> <p>Infection Control</p></b> <p> <li>Hand Hygiene</li> <p> <li>Isolation Precautions: Personal Protective Equipment</li> <p> <li>Skin Preparation Agent: Skin and Tissue Injury Prevention (Perioperative)</li> <p> <li>Postoperative Care: Convalescent Period</li> <b> <p>Dressings</p></b> <p> <li>Dry and Moist-to-Dry Dressing</li> <p> <li>Pressure Dressing</li> <p> <li>Transparent Dressing</li> <p> <li>Sling Application</li> <b> <p>Splints</p></b> <p> <li>Splinting: General Principles</li> <p> <li>Splinting: Vacuum Splints</li> <p> <li>Splinting: Air Splints</li> <p> <li>Splinting: Traction Splints</li> <p> <li>Splinting: Knee Immobilization</li> <p> <li>Splinting: Finger Immobilization</li> <p> <li>Splinting: Pelvic</li> <b> <p>Medication Administration</p></b> <p> <li>Medication Administration: Oral</li> <p> <li>Medication Administration: Vaginal Instillations</li> <p> <li>Medication Administration: Rectal</li> <p> <li>Medication Administration: Feeding Tube</li> <p> <li>Medication Administration: Topical</li> <p> <li>Medication Administration: Eye</li> <p> <li>Medication Administration: Ear Drops</li> <p> <li>Medication Administration: Nasal Instillation</li> <p> <li>Medication Administration: Injection Preparation from Ampules and Vials</li> <p> <li>Medication Administration: Intradermal Injection and Allergy Skin Testing</li> <p> <li>Medication Administration: Subcutaneous Injection</li> <p> <li>Medication Administration: Intramuscular Injection</li> <p> <li>Medication Administration: Intermittent Infusion Methods</li> <p> <li>Medication Administration: Intravenous Bolus</li></ol>
=700  1\$aGoyal, Harindar Jeet Dr$eeditor
=859  \\$aELD$bebook
=852  \\$aBritish Library$bHMNTS$cDRT$jELD.DS.547255
=CAT  \\$aBATCH-EBKN$b00$c20200831$lBLL01$h0220
=CAT  \\$aEBKS-FXD$c20200831$lBLL01$h0239
=CAT  \\$aBATCH$b00$c20200831$lBLL01$h0240
=CAT  \\$a7183$b40$c20220110$lBLL01$h1055
=DRT  \\$aLD-ebooks
=SRC  \\$aIngrams
=STA  \\$aSUPPRESSED$bE-content not eligible for Non-Print Legal Deposit
=ONX  \\$aIN
=ONS  \7$aMED$x058050$2bisacsh
=LAS  \\$a7183$b40$c20220110$lBLL01$h1055

