=LDR  02269 am a22006857i 4500
=001  019934901
=003  Uk
=005  20201026092840.0
=006  m\\\\||\\d\|\\\\\\
=007  cr\|||||||||||
=008  200911s2020\\\\enk|||||ou\\\\|||\||eng\\
=FMT  \\$a  BK
=015  \\$aGBC0D7130$2bnb
=020  \\$z9780580999062
=024  7\$aBS EN 12514:2020$2bsi
=037  \\$a30373111$bBritish Standards Institution
=040  \\$aUk$beng$cUk
=082  04$a602.1841$223
=084  \\$a27.060.10$2ics
=084  \\$a75.200$2ics
=110  2\$aBritish Standards Institution,$eauthor.
=245  10$aComponents for supply systems for consuming units with liquid fuels.
=264  \1$aLondon :$bBritish Standards Institution,$c2020-08-25.
=300  \\$a1 online resource (224 pages)
=336  \\$atext$2rdacontent
=337  \\$acomputer$2rdamedia
=338  \\$aonline resource$2rdacarrier
=500  \\$aDocument type: Full.
=500  \\$aReplaces: BS EN 12514-2:2000.
=500  \\$aReplaces: BS EN 12514-1:2000.
=500  \\$aPublication status: Definitive.
=650  \7$aInstallation$2root
=650  \7$aBurners$2root
=650  \7$aViscosity$2root
=650  \7$aTemperature$2root
=650  \7$aSafety devices$2root
=650  \7$aHealth and safety requirements$2root
=650  \7$aFuel storage$2root
=650  \7$aCut-out devices$2root
=650  \7$aOil pumps$2root
=650  \7$aDomestic fuel oil$2root
=650  \7$aFuel oil$2root
=650  \7$aAutomatic control systems$2root
=650  \7$aControl devices$2root
=650  \7$aLight fuel oil$2root
=650  \7$aTanks (containers)$2root
=650  \7$aPressure$2root
=650  \7$aOil-fuelled devices$2root
=884  \\$aLDL ebooks transformation to marcxml using bsi_eb2marc.xsl$g20200911$k30373111$qUk
=859  \\$aELD$bebook
=852  \\$aBritish Library$bHMNTS$cDRT$jELD.DS.551285
=CAT  \\$aBATCH-EBKN$b00$c20200914$lBLL01$h0210
=CAT  \\$aEBKS-FXD$c20200914$lBLL01$h0214
=CAT  \\$aBATCH$b00$c20200914$lBLL01$h0215
=CAT  \\$a11279$b40$c20201026$lBLL01$h0928
=FIN  \\$aY$d20200914
=DRT  \\$aLD-ebooks
=SRC  \\$aCollection Metadata
=STA  \\$aSUPPRESSED$bTake down request from publisher 23/10/20
=LAS  \\$a11279$b40$c20201026$lBLL01$h0928

