=LDR  03601cam a22005295i 4500
=001  019940456
=003  Uk
=005  20220110113303.0
=006  m\\\\||\\d\|\\\\\\
=007  cr\|||||||||||
=008  200914s2020\\\\|||||||fo\\\\||||\||eng\\
=FMT  \\$a  BK
=020  \\$a9788131263242$qEPUB
=020  \\$a813126324X$qEPUB
=037  \\$a9788131263242$bIngram Content Group
=040  \\$aUk$beng$cUk
=072  \7$aMED$x029000$2bisacsh
=072  \7$aMED$x058080$2bisacsh
=072  \7$aMED$x003030$2bisacsh
=072  \7$aMJW$2bicssc
=100  1\$aPark, Myung K.$eauthor$uProfessor Emeritus (Pediatrics), Former Director of Pediatric Cardiology, Former Director of Preventative Cardiology and Weight Management Clinics, University of Texas Health Science Center, San Anton
=245  10$aPark's Pediatric Cardiology for Practitioners, 7 Edition: South Asia Edition - E-Book /$cMyung K. Park, Mehrdad Salamat.
=250  \\$a7th
=264  \1$bElsevier India,$c2020.
=300  \\$a1 online resource (546 pages)
=336  \\$atext$2rdacontent
=337  \\$acomputer$2rdamedia
=338  \\$aonline resource$2rdacarrier
=505  0\$a<p><b>PART 1  Basic Tools in Routine Evaluation of Cardiac Patients </b>1 History Taking 2 Physical Examination 3 Electrocardiography 4 Chest Radiography <b>PART 2  Special Tools in Evaluation of Cardiac Patients</b> 5 Noninvasive Imaging Tools 6 Other Noninvasive Investigation Tools 7 Invasive Procedures <b>PART 3 Pathophysiology</b> 8 Fetal and Perinatal Circulation 9 Pathophysiology of Left-to-Right Shunt Lesions 10 Pathophysiology of Obstructive and Valvular Regurgitant Lesions 11 Pathophysiology of Cyanotic Congenital Heart  Defects <b>PART 4 Specific Congenital Heart Defects</b> 12 Left-to-Right Shunt Lesions 13 Obstructive Lesions 14 Cyanotic Congenital Heart Defects 15 Miscellaneous Congenital Cardiac Conditions 16 Vascular Ring 17 Chamber Localization and Cardiac Malposition <b>PART 5 Acquired Heart Disease</b> 18 Primary Myocardial Disease 19 Cardiovascular Infections 20 Acute Rheumatic Fever 21 Valvular Heart Disease 22 Cardiac Tumors 23 Cardiovascular Involvement in Systemic Diseases <b>PART 6  Arrhythmias and Atrioventricular Conduction Disturbances</b> 24 Cardiac Arrhythmias 25 Disturbances of Atrioventricular Conduction 26 Cardiac Pacemakers and Implantable Cardioverter- Defibrillators in Children <b>PART 7 Special Problems</b> 27 Congestive Heart Failure 28 Systemic Hypertension 29 Pulmonary Hypertension 30 The Child with Chest Pain 31 Syncope 32 Palpitation 33 Dyslipidemia and Other Cardiovascular Risk  Factors 34 Pediatric Preventive Cardiology 35 Athletes with Cardiac Problems 36 Cardiac Transplantation</p> <p><b>APPENDICES</b> A Miscellaneous B Blood Pressure Values C Cardiovascular Risk Factors D Normal Echocardiographic Values E Drugs Used in Pediatric Cardiology</p>
=700  1\$aSalamat, Mehrdad,$eauthor.
=859  \\$aELD$bebook
=852  \\$aBritish Library$bHMNTS$cDRT$jELD.DS.551503
=CAT  \\$aBATCH-EBKN$b00$c20200917$lBLL01$h0227
=CAT  \\$aBATCH-UPD$b00$c20200917$lBLL01$h0227
=CAT  \\$aEBKS-FXD$c20200917$lBLL01$h0237
=CAT  \\$aBATCH$b00$c20200917$lBLL01$h0238
=CAT  \\$a7183$b40$c20220110$lBLL01$h1133
=DRT  \\$aLD-ebooks
=SRC  \\$aIngrams
=STA  \\$aSUPPRESSED$bE-content not eligible for Non-Print Legal Deposit
=ONX  \\$aIN
=ONS  \7$aMED$x069000$2bisacsh
=ONS  \7$aMED$b029000$2bisacsh
=ONS  \7$aMED$b058080$2bisacsh
=ONS  \7$aMED$b003030$2bisacsh
=ONS  \7$aMJW$2bicssc
=LAS  \\$a7183$b40$c20220110$lBLL01$h1133

