=LDR  00997cam a22003255i 4500
=001  019942741
=003  Uk
=005  20220714140615.0
=006  m\\\\||\\d\|\\\\\\
=007  cr\|||||||||||
=008  200919s2020\\\\xxk|||||o\\\\||||\||eng\\
=FMT  \\$a  BK
=040  \\$aUk$beng$cUk
=245  00$aSocial capital in the UK :$b2020.
=264  \1$aUK :$bOffice for National Statistics,$c2020.
=300  \\$a1 online resource.
=336  \\$atext$2rdacontent
=337  \\$acomputer$2rdamedia
=338  \\$aonline resource$2rdacarrier
=500  \\$aAdvised to process as mono.
=859  \\$aELD$bebook
=852  \\$aBritish Library$bHMNTS$cDRT$jELD.DS.553076
=CAT  \\$aBATCH-EBKN$b00$c20200919$lBLL01$h0227
=CAT  \\$aEBKS-FXD$c20200919$lBLL01$h0237
=CAT  \\$aBATCH$b00$c20200919$lBLL01$h0238
=CAT  \\$a11450$b40$c20220714$lBLL01$h1406
=DRT  \\$aLD-ebooks
=SRC  \\$aSubmission Portal
=STA  \\$aSUPPRESSED$bRebatched as Serial
=LAS  \\$a11450$b40$c20220714$lBLL01$h1406

