=LDR  00938 am a22003135i 4500
=001  019943941
=003  Uk
=005  20210115162331.0
=006  m\\\\||\\d\|\\\\\\
=007  cr\|||||||||||
=008  200920s2019\\\\xxk|||||o\\\\||||\||eng\\
=FMT  \\$a  BK
=040  \\$aUk$beng$cUk
=245  00$aSerious Further Offences.
=264  \1$aLondon :$bMinistry of Justice,$c2019.
=300  \\$a1 online resource.
=336  \\$atext$2rdacontent
=337  \\$acomputer$2rdamedia
=338  \\$aonline resource$2rdacarrier
=859  \\$aELD$bebook
=852  \\$aBritish Library$bHMNTS$cDRT$jELD.DS.553597
=CAT  \\$aBATCH-EBKN$b00$c20200920$lBLL01$h0235
=CAT  \\$aEBKS-FXD$c20200920$lBLL01$h0241
=CAT  \\$aBATCH$b00$c20200920$lBLL01$h0242
=CAT  \\$a15190$b40$c20210115$lBLL01$h1623
=DRT  \\$aLD-ebooks
=SRC  \\$aSubmission Portal
=STA  \\$aSUPPRESSED$bRebatched as Serial
=LAS  \\$a15190$b40$c20210115$lBLL01$h1623

