=LDR  01471cam a22004095i 4500
=001  019966539
=003  Uk
=005  20220110113524.0
=006  m\\\\||\\d\|\\\\\\
=007  cr\|||||||||||
=008  200929s2020\\\\|||||||fo\\\\||||\||eng\\
=FMT  \\$a  BK
=020  \\$a9788131261842$qPDF
=020  \\$a8131261840$qPDF
=037  \\$a9788131261842$bIngram Content Group
=040  \\$aUk$beng$cUk
=100  1\$aSkidmore-Roth, Linda,$eauthor$uConsultant, Littleton, Colorado; Former Nursing Faculty, New Mexico State University, Las Cruces, New Mexico; El Paso Community College, El Paso, Texas
=245  10$aMosby's 2021 Nursing Drug Reference: Fourth South Asia Edition - e-book /$cLinda Skidmore-Roth.
=250  \\$a4th
=264  \1$bElsevier India,$c2020.
=300  \\$a1 online resource (1496 pages)
=336  \\$atext$2rdacontent
=337  \\$acomputer$2rdamedia
=338  \\$aonline resource$2rdacarrier
=859  \\$aELD$bebook
=852  \\$aBritish Library$bHMNTS$cDRT$jELD.DS.560011
=CAT  \\$aBATCH-EBKN$b00$c20201002$lBLL01$h0214
=CAT  \\$aBATCH-UPD$b00$c20201002$lBLL01$h0214
=CAT  \\$aEBKS-FXD$c20201002$lBLL01$h0227
=CAT  \\$aBATCH$b00$c20201002$lBLL01$h0228
=CAT  \\$a7183$b40$c20220110$lBLL01$h1135
=DRT  \\$aLD-ebooks
=SRC  \\$aIngrams
=STA  \\$aSUPPRESSED$bE-content not eligible for Non-Print Legal Deposit
=ONX  \\$aIN
=ONS  \7$aMED$x058170$2bisacsh
=LAS  \\$a7183$b40$c20220110$lBLL01$h1135

