=LDR  00961cam a22003135i 4500
=001  019975584
=003  Uk
=005  20230817104015.0
=006  m\\\\||\\d\|\\\\\\
=007  cr\|||||||||||
=008  201010s2020\\\\xxk|||||o\\\\||||\||eng\\
=FMT  \\$a  BK
=040  \\$aUk$beng$cUk
=245  00$aNews Consumption in the UK: 2020 :$bOverview of research findings.
=264  \1$aUK :$bOfcom,$c2020.
=300  \\$a1 online resource.
=336  \\$atext$2rdacontent
=337  \\$acomputer$2rdamedia
=338  \\$aonline resource$2rdacarrier
=859  \\$aELD$bebook
=852  \\$aBritish Library$bHMNTS$cDRT$jELD.DS.562857
=CAT  \\$aBATCH-EBKN$b00$c20201010$lBLL01$h0202
=CAT  \\$aEBKS-FXD$c20201010$lBLL01$h0213
=CAT  \\$aBATCH$b00$c20201010$lBLL01$h0213
=CAT  \\$a11450$b40$c20230817$lBLL01$h1040
=DRT  \\$aLD-ebooks
=SRC  \\$aSubmission Portal
=STA  \\$aSUPPRESSED$bRebatched as Serial
=LAS  \\$a11450$b40$c20230817$lBLL01$h1040

