=LDR  01059 am a22003375i 4500
=001  019976033
=003  Uk
=005  20211102095227.0
=006  m\\\\||\\d\|\\\\\\
=007  cr\|||||||||||
=008  201011s2020\\\\xxk|||||o\\\\||||\||eng\\
=FMT  \\$a  BK
=020  \\$a9781906284947
=040  \\$aUk$beng$cUk
=245  00$aThe DC Future Book :$bIn association with Columbia Threadneedle Investments.
=264  \1$aLondon :$bPensions Policy Institute,$c2020.
=300  \\$a1 online resource.
=336  \\$atext$2rdacontent
=337  \\$acomputer$2rdamedia
=338  \\$aonline resource$2rdacarrier
=720  0\$aWilkinson, Lauren
=859  \\$aELD$bebook
=852  \\$aBritish Library$bHMNTS$cDRT$jELD.DS.562927
=CAT  \\$aBATCH-EBKN$b00$c20201011$lBLL01$h0211
=CAT  \\$aEBKS-FXD$c20201011$lBLL01$h0221
=CAT  \\$aBATCH$b00$c20201011$lBLL01$h0221
=CAT  \\$a15190$b40$c20211102$lBLL01$h0952
=DRT  \\$aLD-ebooks
=SRC  \\$aSubmission Portal
=STA  \\$aSUPPRESSED$bRebatched as Serial
=LAS  \\$a15190$b40$c20211102$lBLL01$h0952

