=LDR  00969cam a22003135i 4500
=001  019980437
=003  Uk
=005  20220308085651.0
=006  m\\\\||\\d\|\\\\\\
=007  cr\|||||||||||
=008  201016s2020\\\\xxk|||||o\\\\||||\||eng\\
=FMT  \\$a  BK
=040  \\$aUk$beng$cUk
=245  00$aINFOCUS Safety & Security 2020 :$bAviation industry insights.
=264  \1$aUK :$bHMG Aerospace Ltd.,$c2020.
=300  \\$a1 online resource.
=336  \\$atext$2rdacontent
=337  \\$acomputer$2rdamedia
=338  \\$aonline resource$2rdacarrier
=859  \\$aELD$bebook
=852  \\$aBritish Library$bHMNTS$cDRT$jELD.DS.563141
=CAT  \\$aBATCH-EBKN$b00$c20201016$lBLL01$h0201
=CAT  \\$aEBKS-FXD$c20201016$lBLL01$h0206
=CAT  \\$aBATCH$b00$c20201016$lBLL01$h0206
=CAT  \\$a11450$b40$c20220308$lBLL01$h0856
=DRT  \\$aLD-ebooks
=SRC  \\$aSubmission Portal
=STA  \\$aSUPPRESSED$bRebatched as Serial
=LAS  \\$a11450$b40$c20220308$lBLL01$h0856

