=LDR  01023cam a22003255i 4500
=001  019987694
=003  Uk
=005  20220110094312.0
=006  m\\\\||\\d\|\\\\\\
=007  cr\|||||||||||
=008  201024s2020\\\\xxk|||||o\\\\||||\||eng\\
=FMT  \\$a  BK
=040  \\$aUk$beng$cUk
=245  00$aState of the market 2019-20 :$breview of the third year of the business retail water market.
=264  \1$aBirmingham :$bOfwat,$c2020.
=300  \\$a1 online resource.
=336  \\$atext$2rdacontent
=337  \\$acomputer$2rdamedia
=338  \\$aonline resource$2rdacarrier
=500  \\$aAugust 2020
=859  \\$aELD$bebook
=852  \\$aBritish Library$bHMNTS$cDRT$jELD.DS.564000
=CAT  \\$aBATCH-EBKN$b00$c20201024$lBLL01$h0216
=CAT  \\$aEBKS-FXD$c20201024$lBLL01$h0224
=CAT  \\$aBATCH$b00$c20201024$lBLL01$h0225
=CAT  \\$a15190$b40$c20220110$lBLL01$h0943
=DRT  \\$aLD-ebooks
=SRC  \\$aSubmission Portal
=STA  \\$aSUPPRESSED$bRebatched as Serial
=LAS  \\$a15190$b40$c20220110$lBLL01$h0943

