=LDR  02489cam a22004215i 4500
=001  019993056
=003  Uk
=005  20220110114102.0
=006  m\\\\||\\d\|\\\\\\
=007  cr\|||||||||||
=008  201027s2020\\\\|||||||eo\\\\||||\||eng\\
=FMT  \\$a  BK
=020  \\$a9788131262887$qEPUB
=020  \\$a813126288X$qEPUB
=037  \\$a9788131262887$bIngram Content Group
=040  \\$aUk$beng$cUk
=100  1\$aTorabinejad, Mahmoud,$eauthor.
=245  10$aEndodontics-South Asia Edition, 6e - E-Book /$cMahmoud Torabinejad.
=250  \\$a6th
=264  \1$bElsevier India,$c2020.
=300  \\$a1 online resource (520 pages)
=336  \\$atext$2rdacontent
=337  \\$acomputer$2rdamedia
=338  \\$aonline resource$2rdacarrier
=505  0\$a<ul> <li> <p>1 Pathogenesis of Pulp and Periapical Diseases </p> <p>2 Systemic Health Considerations in the Endodontic Patient and Geriatric Endodontics</p> <p>3 Endodontic Radiology </p> <p>4 Endodontic Diagnosis and Treatment Planning </p> <p>5 Differential Diagnosis of Pain and Radiolucencies of Non-Pulpal Origin </p> <p>6 Endodontic Case Complexity and Working with the Specialist </p> <p>7 Endodontic Armamentarium</p> <p>8 Local Anesthesia </p> <p>9 Endodontic Emergencies and Therapeutics</p> <p>10 Management of the Vital Pulp and of Immature Teeth</p> <p>11 Management of Traumatic Dental Injuries</p> <p>12 Root Canal Anatomy</p> <p>13 Isolation, Access Preparation, Working Length Determination</p> <p>14 Cleaning and Shaping, Intra-canal Medications</p> <p>15 Obturation and Temporization</p> <p>16 Restoration of Endodontically-Treated Teeth</p> <p>17 Bleaching Discolored Nonvital Teeth</p> <p>18 Procedural Accidents</p> <p>19 Non-Surgical Retreatment </p> <p>20 Apical Microsurgery</p> <p>21 Adjunctive Surgical Procedures</p> <p>22 Endodontic Treatment Outcomes</p> <p>Appendix: Pulpal Anatomy and Access Preparations</p></li> <b> </ul> <p></b> </p> <ul> </ul>
=859  \\$aELD$bebook
=852  \\$aBritish Library$bHMNTS$cDRT$jELD.DS.565519
=CAT  \\$aBATCH-EBKN$b00$c20201030$lBLL01$h0209
=CAT  \\$aBATCH-UPD$b00$c20201030$lBLL01$h0210
=CAT  \\$aEBKS-FXD$c20201030$lBLL01$h0217
=CAT  \\$aBATCH$b00$c20201030$lBLL01$h0217
=CAT  \\$a7183$b40$c20220110$lBLL01$h1141
=DRT  \\$aLD-ebooks
=SRC  \\$aIngrams
=STA  \\$aSUPPRESSED$bE-content not eligible for Non-Print Legal Deposit
=ONX  \\$aIN
=ONS  \7$aMED$x016000$2bisacsh
=LAS  \\$a7183$b40$c20220110$lBLL01$h1141

