=LDR  00984 am a22003135i 4500
=001  020204969
=003  Uk
=005  20211006140221.0
=006  m\\\\||\\d\|\\\\\\
=007  cr\|||||||||||
=008  210527s2021\\\\xxk|||||o\\\\||||\||eng\\
=FMT  \\$a  BK
=040  \\$aUk$beng$cUk
=245  00$aGuide to Offender Management Statistics England and Wales :$bDocumentation.
=264  \1$aUK :$bMinistry of Justice,$c2021.
=300  \\$a1 online resource.
=336  \\$atext$2rdacontent
=337  \\$acomputer$2rdamedia
=338  \\$aonline resource$2rdacarrier
=859  \\$aELD$bebook
=852  \\$aBritish Library$bHMNTS$cDRT$jELD.DS.614651
=CAT  \\$aBATCH-EBKN$b00$c20210527$lBLL01$h0220
=CAT  \\$aEBKS-FXD$c20210527$lBLL01$h0231
=CAT  \\$aBATCH$b00$c20210527$lBLL01$h0232
=CAT  \\$a14412$b40$c20211006$lBLL01$h1402
=DRT  \\$aLD-ebooks
=SRC  \\$aSubmission Portal
=STA  \\$aSUPPRESSED$bRebatched as Serial
=LAS  \\$a14412$b40$c20211006$lBLL01$h1402

