=LDR  01520 am a22003855i 4500
=001  020214009
=003  Uk
=005  20210617091141.0
=006  m\\\\||\\d\|\\\\\\
=007  cr\|||||||||||
=008  210518s2018\\\\nik|||||o||||f||||||eng|d
=FMT  \\$a  BK
=037  \\$aNIOPA_9943$bQueen's University Belfast$nNorthern Ireland Official Publications Repository
=040  \\$aNiBfQU$beng$cNiBfQU$dUk$erda
=110  2\$aNorthern Ireland Authority for Utility Regulation,$eauthor.
=245  10$aAppendix 4 :$bDecision published pursuant to Article 14(8) of the Gas (Northern Ireland) order 1996.
=264  \1$aBelfast :$bNorthern Ireland Authority for Utility Regulation,$c2018.
=300  \\$a1 online resource.
=336  \\$atext$2rdacontent
=337  \\$acomputer$2rdamedia
=338  \\$aonline resource$2rdacarrier
=650  \7$aEnergy policy.$2fast$0(OCoLC)fst00910200.
=651  \7$aNorthern Ireland.$2fast$0(OCoLC)fst01205215.
=655  \0$aGovernment publications.
=884  \\$aLDL ebooks transformation to marcxml using queens_eb2marc.xsl$g20210520$kNIOPA_9943$qUk
=859  \\$aELD$bebook
=852  \\$aBritish Library$bHMNTS$cDRT$jELD.DS.615250
=CAT  \\$aBATCH-EBKN$b00$c20210604$lBLL01$h0210
=CAT  \\$aEBKS-FXD$c20210604$lBLL01$h0215
=CAT  \\$aBATCH$b00$c20210604$lBLL01$h0216
=CAT  \\$a8874$b40$c20210617$lBLL01$h0911
=DRT  \\$aLD-ebooks
=SRC  \\$aCollection Metadata
=STA  \\$aSUPPRESSED$bOut of scope for the collections
=LAS  \\$a8874$b40$c20210617$lBLL01$h0911

