=LDR  02240 am a22005417i 4500
=001  020215742
=003  Uk
=005  20210617091242.0
=006  m\\\\||\\d\|\\\\\\
=007  cr\|||||||||||
=008  200201s2020\\\\stkad\\\ob\\\f000\0\eng\d
=FMT  \\$a  BK
=020  \\$a9781839604751$qElectronic book (PDF format)
=037  \\$a9781839604751$bNational Library of Scotland
=040  \\$aStEdNL$beng$cStEdNL$dUk$erda
=100  1\$aWood, Claire,$eauthor.
=245  10$aScottish house condition survey :$b2018 key findings /$cClaire Wood, Diarmuid Lloyd and Rucha Amin.
=264  \1$aEdinburgh :$bThe Scottish Government,$c2020.
=300  \\$a1 online resource (151 pages :$billustrations (chiefly colour), charts (colour))
=336  \\$atext$2rdacontent
=337  \\$acomputer$2rdamedia
=338  \\$aonline resource$2rdacarrier
=504  \\$aIncludes bibliographical references.
=538  \\$aSystem requirements: Adobe Reader required to view PDF document.
=588  \\$aDescription based on online resource; title from PDF title page (Scottish Government, viewed Feb 1, 2020)
=500  \\$a"A National Statistics publication for Scotland".
=500  \\$a"People, communities and places".
=500  \\$a"Produced for The Scottish Government by APS Group Scotland".
=500  \\$a"PPDAS671562 (01/20)".
=651  \7$aScotland.$2fast$0(OCoLC)fst01206715
=655  \0$aGovernment publications.
=700  1\$aLloyd, Diarmuid,$eauthor.
=700  1\$aAmin, Rucha,$eauthor.
=710  1\$aScotland.$bScottish Government,$eissuing body.
=710  2\$aAPS Group Scotland.
=884  \\$aLDL ebooks transformation to marcxml using nls_eb2marc.xsl$g20210325$k9781839604751$qUk
=859  \\$aELD$bebook
=852  \\$aBritish Library$bHMNTS$cDRT$jELD.DS.615567
=985  \\$a100=NOT NACO, 700=NOT NACO, 700/1=NOT NACO
=CAT  \\$aBATCH-EBKN$b00$c20210607$lBLL01$h0219
=CAT  \\$aBATCH-UPD$b00$c20210607$lBLL01$h0219
=CAT  \\$aEBKS-FXD$c20210607$lBLL01$h0228
=CAT  \\$aBATCH$b00$c20210607$lBLL01$h0228
=CAT  \\$a8874$b40$c20210617$lBLL01$h0912
=DRT  \\$aLD-ebooks
=SRC  \\$aCollection Metadata
=STA  \\$aSUPPRESSED$bRecorded on serial record
=LAS  \\$a8874$b40$c20210617$lBLL01$h0912

