=LDR  02160cam a22005177i 4500
=001  020245609
=003  Uk
=005  20230223172230.0
=006  m\\\\||\\d\|\\\\\\
=007  cr\|||||||||||
=008  200220s2020\\\\stk\\\\\o\\\\f000\0\eng\d
=FMT  \\$a  BK
=037  \\$a213850525$bNational Library of Scotland
=040  \\$aStEdNL$beng$cStEdNL$dUk$erda
=082  04$a328.41104$223
=110  1\$aScotland.$bParliament.$bHealth and Sport Committee.
=245  14$aThe Alcohol (Minimum Price per Unit) (Scotland) Order 2018 (draft) /$cHealth and Sport Committee.
=264  \1$aEdinburgh :$bScottish Parliamentary Corporate Body,$c2018.
=300  \\$a1 online resource (2 pages) :$bportraits
=336  \\$atext$2rdacontent
=337  \\$acomputer$2rdamedia
=338  \\$aonline resource$2rdacarrier
=538  \\$aSystem requirements: Adobe Reader required to view PDF document.
=588  \\$aDescription from online resource; title from PDF cover (Scottish Parliamentary Corporate Body, viewed February 20, 2020)
=500  \\$a"SP Paper 305".
=500  \\$a"3rd Report (Session 5)".
=500  \\$a"Published 19 April 2018".
=650  \7$aAlcoholic beverages$xLaw and legislation.$2fast$0(OCoLC)fst00804390
=651  \7$aScotland.$2fast$0(OCoLC)fst01206715
=655  \7$aLegislative materials.$2fast$0(OCoLC)fst01774285
=710  1\$aScotland.$bParliament.$bCorporate Body,$eissuing body.
=884  \\$aLDL ebooks transformation to marcxml using nls_eb2marc.xsl$g20210325$k213850525$qUk
=859  \\$aELD$bebook
=852  \\$aBritish Library$bHMNTS$cDRT$jELD.DS.617125
=985  \\$aUpdated by MS generated file for WR2302-017
=CAT  \\$aBATCH-EBKN$b00$c20210704$lBLL01$h1440
=CAT  \\$aBATCH-UPD$b00$c20210704$lBLL01$h1440
=CAT  \\$aEBKS-FXD$c20210704$lBLL01$h1446
=CAT  \\$aBATCH$b00$c20210704$lBLL01$h1447
=CAT  \\$a15623$b40$c20210715$lBLL01$h1010
=CAT  \\$a8874$b40$c20210729$lBLL01$h0711
=CAT  \\$aW2302-0174$c20230223$lBLL01$h2053
=DRT  \\$aLD-ebooks
=SRC  \\$aCollection Metadata
=STA  \\$aSUPPRESSED$bDuplicate of Aleph # 019668508
=LAS  \\$aW2302-0174$b00$c20230223$lBLL01$h2053

