=LDR  01118cam a22003255i 4500
=001  020255477
=003  Uk
=005  20220308082017.0
=006  m\\\\||\\d\|\\\\\\
=007  cr\|||||||||||
=008  210713s2021\\\\xxk|||||o\\\\||||\||eng\\
=FMT  \\$a  BK
=040  \\$aUk$beng$cUk
=245  00$aCoronavirus and vaccination rates in people aged 50 years and over by socio-demographic characteristic, England :$b8 December 2020 to 12 April 2021.
=264  \1$aUK :$bOffice for National Statistics,$c2021.
=300  \\$a1 online resource.
=336  \\$atext$2rdacontent
=337  \\$acomputer$2rdamedia
=338  \\$aonline resource$2rdacarrier
=500  \\$aStatistical bulletin | 6 May 2021
=859  \\$aELD$bebook
=852  \\$aBritish Library$bHMNTS$cDRT$jELD.DS.618075
=CAT  \\$aBATCH-EBKN$b00$c20210713$lBLL01$h0201
=CAT  \\$aEBKS-FXD$c20210713$lBLL01$h0210
=CAT  \\$aBATCH$b00$c20210713$lBLL01$h0211
=CAT  \\$a11450$b40$c20220308$lBLL01$h0820
=DRT  \\$aLD-ebooks
=SRC  \\$aSubmission Portal
=STA  \\$aSUPPRESSED$bRebatched as Serial
=LAS  \\$a11450$b40$c20220308$lBLL01$h0820

