=LDR  01069 am a22003375i 4500
=001  020255827
=003  Uk
=005  20210722091006.0
=006  m\\\\||\\d\|\\\\\\
=007  cr\|||||||||||
=008  210713s2021\\\\xxk|||||o\\\\||||\||eng\\
=FMT  \\$a  BK
=020  \\$a9781528624794
=040  \\$aUk$beng$cUk
=245  00$aReport of the Daniel Morgan Independent Panel.
=264  \1$aUK :$bDaniel Morgan Independent Panel,$c2021.
=300  \\$a1 online resource.
=336  \\$atext$2rdacontent
=337  \\$acomputer$2rdamedia
=338  \\$aonline resource$2rdacarrier
=859  \\$aELD$bebook
=852  \\$aBritish Library$bHMNTS$cDRT$jELD.DS.618425
=985  \\$aResubmitted eBook record match on ISBN to existing record 020254292
=CAT  \\$aBATCH-EBKN$b00$c20210713$lBLL01$h0204
=CAT  \\$aEBKS-FXD$c20210713$lBLL01$h0210
=CAT  \\$aBATCH$b00$c20210713$lBLL01$h0211
=CAT  \\$a8250$b40$c20210722$lBLL01$h0910
=DRT  \\$aLD-ebooks
=SRC  \\$aSubmission Portal
=STA  \\$aSUPPRESSED$bDuplicate
=LAS  \\$a8250$b40$c20210722$lBLL01$h0910

