=LDR  01071cam a22003255i 4500
=001  020261651
=003  Uk
=005  20220107112202.0
=006  m\\\\||\\d\|\\\\\\
=007  cr\|||||||||||
=008  210716s2021\\\\xxk|||||o\\\\||||\||eng\\
=FMT  \\$a  BK
=040  \\$aUk$beng$cUk
=245  00$aOutcome Indicator Framework for the 25 Year Environment Plan: 2021 Update.
=264  \1$aLondon :$bDepartment for Environment, Food and Rural Affairs,$c2021.
=300  \\$a1 online resource.
=336  \\$atext$2rdacontent
=337  \\$acomputer$2rdamedia
=338  \\$aonline resource$2rdacarrier
=500  \\$aPB14661, Selected by London curators
=859  \\$aELD$bebook
=852  \\$aBritish Library$bHMNTS$cDRT$jELD.DS.619172
=CAT  \\$aBATCH-EBKN$b00$c20210716$lBLL01$h0200
=CAT  \\$aEBKS-FXD$c20210716$lBLL01$h0208
=CAT  \\$aBATCH$b00$c20210716$lBLL01$h0209
=CAT  \\$a15190$b40$c20220107$lBLL01$h1122
=DRT  \\$aLD-ebooks
=SRC  \\$aSubmission Portal
=STA  \\$aSUPPRESSED$bRebatched as Serial
=LAS  \\$a15190$b40$c20220107$lBLL01$h1122

