=LDR  02430cam a22005651i 4500
=001  020267005
=003  Uk
=005  20220104150702.0
=006  m\\\\||\\d\|\\\\\\
=007  cr\|||||||||||
=008  210719s2021\\\\enk\\\\\o\\\\\000|0|eng|d
=FMT  \\$a  BK
=015  \\$aGBC1B6139$2bnb
=020  \\$a9781800886025 (PDF ebook) :$c£85.00
=020  \\$z9781800886018 (hbk.) :$c£80.00
=037  \\$a9781800886025$bEdward Elgar Publishing
=040  \\$aStDuBDS$beng$cStDuBDS$dUk$erda$epn
=042  \\$aukblsr
=082  04$a363.25963$223
=100  1\$aGottschalk, Petter,$d1950-$eauthor.
=245  10$aInvestigation reports :$bconvenience themes and review maturity /$cPetter Gottschalk.
=264  \1$aCheltenham :$bEdward Elgar Publishing,$c2021.
=300  \\$a1 online resource.
=336  \\$atext$2rdacontent
=337  \\$acomputer$2rdamedia
=338  \\$aonline resource$2rdacarrier
=588  \\$aDescription based on CIP data; resource not viewed.
=505  0\$aContents: Introduction 1. Wirecard banking by KPMG 2. Danske Bank by Plesner 3. Hurtigruten Cruises by Wiersholm 4. Født Fri by Ernst & Young 5. Norfund foreign aid by PwC 6. NAV by government committee 7. Samherji Fishing by Wikborg Rein 8. Rema grocery store by PwC 9. Equinor Energy by PwC 10. Hove Recreation by Aust-Agder 11. Ørland mayor by Simonsen 12. Alver municipality by Nordhordland Conclusion Bibliography Index.
=650  \0$aFraud investigation.
=776  08$iPrint version :$z9781800886018
=884  \\$aLDL ebooks ONIX to marcxml transformation using Record_Load-eBooks_Legal_Deposit_onix2marc_v2-1.xsl$g20210803$k9781800886025$qUk
=859  \\$aELD$bebook
=852  \\$aBritish Library$bHMNTS$cDRT$jELD.DS.626482
=CAT  \\$aBATCH-CIPN$b00$c20210720$lBLL01$h1703
=CAT  \\$aBATCH-EBKE$b00$c20210806$lBLL01$h0217
=CAT  \\$aEBKS-FXD$c20210806$lBLL01$h0223
=CAT  \\$aBATCH$b00$c20210806$lBLL01$h0224
=CAT  \\$aBATCH$b00$c20210806$lBLL01$h0225
=CAT  \\$aBATCH-UPD$b00$c20210806$lBLL01$h0226
=CAT  \\$a11279$b40$c20220104$lBLL01$h1507
=FIN  \\$aY$d20210806
=DRT  \\$aLD-ebooks
=STA  \\$aSUPPRESSED$bTake down request from publisher 11/08/21
=ONS  \7$aSOC$x004000$2bisacsh
=ONS  \7$aJKVK$2bicssc
=ONS  \7$aBUS$x008000$2bisacsh
=ONS  \7$aBUS$x085000$2bisacsh
=ONS  \7$aKJG$2bicssc
=ONS  \7$aKJU$2bicssc
=LAS  \\$a11279$b40$c20220104$lBLL01$h1507

