=LDR  06152cam a22004215i 4500
=001  020276269
=003  Uk
=005  20220613162319.0
=006  m\\\\||\\d\|\\\\\\
=007  cr\|||||||||||
=008  210728s2007\\\\xxk||||eo\\\\||||\||eng\\
=FMT  \\$a  BK
=020  \\$a9780702037009$qEPUB
=020  \\$a0702037001$qEPUB
=037  \\$a9780702037009$bIngram Content Group
=040  \\$aUk$beng$cUk
=072  \7$aMXH$2bicssc
=100  1\$aSolberg, Gill,$eauthor$uLecturer, Kibbutzim College of Education; Lecturer, Zinman College of Physical Education and Sport Sciences at the Wingate Institute; Private Practitioner
=245  10$aPostural Disorders and Musculoskeletal Dysfunction E-Book :$bDiagnosis, Prevention and Treatment /$cGill Solberg.
=264  \1$bChurchill Livingstone,$c2007.
=300  \\$a1 online resource (304 pages)
=336  \\$atext$2rdacontent
=337  \\$acomputer$2rdamedia
=338  \\$aonline resource$2rdacarrier
=505  0\$a<p>Forewords</p> <p>Preface</p> <p>Acknowledgments</p> <p>Introduction</p> <p>Part 1 - Theoretical Background</p> <p>Chapter 1. The integrative approach to posture</p> <BLOCKQUOTE> <p>Kinesiological and other factors affecting human posture</p> <p>Main aspects of normal posture</p></BLOCKQUOTE> <p>Chapter 2. Anatomical and kinesiological basis of posture</p> <BLOCKQUOTE> <p>Basic movement terms</p> <p>Movement planes in the human body</p> <p>The muscular system: anatomical and kinesiological aspects of maintaining posture</p> <p>The foot</p> <p>The ankle joint</p> <p>The knee joint</p> <p>The hip joint</p> <p>The pelvis</p> <p>The spinal column</p> <p>The rib cage</p> <p>The shoulder girdle</p> <p>The nervous system in posture</p> <p>The effect of kinesthetic ability on movement and postural patterns</p></BLOCKQUOTE> <p>Part 2: SURVEY OF COMMON POSTURAL DISORDERS</p> <p>Chapter 3. Postural disorders of the spine: sagittal plane</p> <BLOCKQUOTE> <p>Kyphosis</p> <p>Lordosis</p> <p>Flat back</p> <p>Injuries to the intervertebral disc</p> <p>Relaxed posture</p></BLOCKQUOTE> <p>Chapter 4. Postural disorders of the spine: coronal/frontal plane</p> <BLOCKQUOTE> <p>Parameters used in determining scoliosis</p> <p>Diagnosing scoliosis</p> <p>Therapeutic exercise for scoliosis</p></BLOCKQUOTE> <p>Chapter 5. Postural disorders in the lower extremities and the identification of gait disorders</p> <BLOCKQUOTE> <p>Disorders in the lower extremities</p> <p>Identification of functional gait disorders</p></BLOCKQUOTE> <p>Chapter 6. Postural disorders and musculoskeletal dysfunction in the upper extremities</p> <BLOCKQUOTE> <p>Stabilizing elements of the shoulder girdle </p> <p>Survey of common disorders of the shoulder girdle </p> <p>Adapted physical activity for functional disorders of the shoulder joint and shoulder girdle</p></BLOCKQUOTE> <p>Part 3: DIAGNOSIS AND TREATMENT OF POSTURAL DISORDERS</p> <p>Chapter 7. Principles for a comprehensive diagnosis of postural disorders</p> <BLOCKQUOTE> <p>Questionnaire for parents </p> <p>Diagnosing posture</p> <p>Psychomotor diagnosis</p> <p>Summerizing psychomotor diagnosis data</p></BLOCKQUOTE> <p>Chapter 8. Therapeutic exercise-specific areas of practice</p> <BLOCKQUOTE> <p>Excersises to lengthen the hamstring muscles</p> <p>Exercises to lenghten lower back muscles</p> <p>Spine lengthening exercises (traction)</p> <p>Exercises to lenghten chest muscles</p> <p>Exercises to strenghten back muscles </p> <p>Exercises to strenghten abdominal pain</p> <p>Exercises to improve foot functioning</p> <p>Exercises to improve balance</p> <p>Breating exercises</p></BLOCKQUOTE> <p>Chapter 9. Special treatment techniques for improving posture and body awareness</p> <BLOCKQUOTE> <p>"The link system"</p> <p>Using a skip rope to learn and practice pelvic mobility</p> <p>Using a wall to align posture</p> <p>Exercise to improve body alignment:standing without a wall </p> <p>Resistance exercises: training to improve body rooting and posture muscle functioning</p> <p>Other techniques for improving posture and body awarness</p> <p>Flexibility techniques for improving ranges of motion in treating postural disorders</p></BLOCKQUOTE> <p>Chapter 10. Hydrotherapy in the treatment of postural disorders</p> <BLOCKQUOTE> <p>Adapted water activity for postural disorders</p> <p>Principles for planning a hydrotherapy program for children with postural disorders</p> <p>Summary</p></BLOCKQUOTE> <p>Chapter 11. Auxiliary equipment for adapted physical activity</p> <BLOCKQUOTE> <p>Creative use of equipment in treatment </p> <p>The underlying abilities model</p> <p>The working on the whole model</p></BLOCKQUOTE> <p>Chapter 12. Movement and postural development in early childhood: principles and applications</p> <BLOCKQUOTE> <p>Common developmental characteristics of early childhood </p> <p>Orthopedic aspects and common postural disorders in early childhood: diagnosis, prevention, and treatment </p> <p>Summary </p></BLOCKQUOTE> <p>Chapter 13. Orthopedic support braces for treating children with postural disorders</p> <BLOCKQUOTE> <p>Orthopedic support braces in therapy</p> <p>The importance of combining brace support treatment with adapted physical activity</p> <p>Summary</p></BLOCKQUOTE> <p>Chapter 14. Methodological aspects in the treatment of children with postural disorders</p> <BLOCKQUOTE> <p>Aims of treatment in postural disorders</p> <p>Selecting the treatment design</p> <p>Stages if individual treatment for children with postural disorders </p></BLOCKQUOTE> <p>Afterword</p> <p>References</p> <p>Bibliography</p> <p>Appendices 1-7</p> <p>Index</p>
=859  \\$aELD$bebook
=852  \\$aBritish Library$bHMNTS$cDRT$jELD.DS.622923
=CAT  \\$aBATCH-EBKN$b00$c20210731$lBLL01$h0209
=CAT  \\$aBATCH-UPD$b00$c20210731$lBLL01$h0210
=CAT  \\$aEBKS-FXD$c20210731$lBLL01$h0217
=CAT  \\$aBATCH$b00$c20210731$lBLL01$h0218
=CAT  \\$a7164$b40$c20220613$lBLL01$h1623
=DRT  \\$aLD-ebooks
=SRC  \\$aIngrams
=STA  \\$aSUPPRESSED$bE-content not eligible for Non-Print Legal Deposit
=ONS  \7$aMED$x003060$2bisacsh
=ONS  \7$aMXH$2bicssc
=LAS  \\$a7164$b40$c20220613$lBLL01$h1623

