=LDR  01013cam a22003255i 4500
=001  020292880
=003  Uk
=005  20220713112949.0
=006  m\\\\||\\d\|\\\\\\
=007  cr\|||||||||||
=008  210812s2021\\\\xxk|||||o\\\\||||\||eng\\
=FMT  \\$a  BK
=040  \\$aUk$beng$cUk
=245  00$aGDP revisions in Blue Book, 2020.
=264  \1$aUK :$bOffice for National Statistics,$c2021.
=300  \\$a1 online resource.
=336  \\$atext$2rdacontent
=337  \\$acomputer$2rdamedia
=338  \\$aonline resource$2rdacarrier
=500  \\$aOn advice of ELD Cataloguing, treat as mono
=859  \\$aELD$bebook
=852  \\$aBritish Library$bHMNTS$cDRT$jELD.DS.629060
=CAT  \\$aBATCH-EBKN$b00$c20210812$lBLL01$h0210
=CAT  \\$aEBKS-FXD$c20210812$lBLL01$h0219
=CAT  \\$aBATCH$b00$c20210812$lBLL01$h0220
=CAT  \\$a11450$b40$c20220713$lBLL01$h1129
=DRT  \\$aLD-ebooks
=SRC  \\$aSubmission Portal
=STA  \\$aSUPPRESSED$bRebatched as Serial
=LAS  \\$a11450$b40$c20220713$lBLL01$h1129

