=LDR  00970 am a22003135i 4500
=001  020302972
=003  Uk
=005  20211001113656.0
=006  m\\\\||\\d\|\\\\\\
=007  cr\|||||||||||
=008  210820s2021\\\\xxk|||||o\\\\||||\||eng\\
=FMT  \\$a  BK
=040  \\$aUk$beng$cUk
=245  00$aPicker Impact Report: :$bInfluence, inspire, empower.
=264  \1$aOxford :$bPicker Institute Europe,$c2021.
=300  \\$a1 online resource.
=336  \\$atext$2rdacontent
=337  \\$acomputer$2rdamedia
=338  \\$aonline resource$2rdacarrier
=859  \\$aELD$bebook
=852  \\$aBritish Library$bHMNTS$cDRT$jELD.DS.631751
=CAT  \\$aBATCH-EBKN$b00$c20210820$lBLL01$h0212
=CAT  \\$aEBKS-FXD$c20210820$lBLL01$h0217
=CAT  \\$aBATCH$b00$c20210820$lBLL01$h0217
=CAT  \\$a10902$b40$c20211001$lBLL01$h1136
=DRT  \\$aLD-ebooks
=SRC  \\$aSubmission Portal
=STA  \\$aSUPPRESSED$bRebatched as Serial
=LAS  \\$a10902$b40$c20211001$lBLL01$h1136

