=LDR  01006 am a22003495i 4500
=001  020331423
=003  Uk
=005  20211004143412.0
=006  m\\\\||\\d\|\\\\\\
=007  cr\|||||||||||
=008  210919s2021\\\\xxk|||||o\\\\||||\||eng\\
=FMT  \\$a  BK
=040  \\$aUk$beng$cUk
=245  00$aSE23.
=250  \\$a181
=264  \1$aLondon :$bSE Magazines Ltd,$cSeptember 2021.
=300  \\$a1 online resource.
=336  \\$atext$2rdacontent
=337  \\$acomputer$2rdamedia
=338  \\$aonline resource$2rdacarrier
=500  \\$aMonthly Title
=720  0\$aAngela Burgess
=859  \\$aELD$bebook
=852  \\$aBritish Library$bHMNTS$cDRT$jELD.DS.634739
=CAT  \\$aBATCH-EBKN$b00$c20210919$lBLL01$h0206
=CAT  \\$aEBKS-FXD$c20210919$lBLL01$h0210
=CAT  \\$aBATCH$b00$c20210919$lBLL01$h0210
=CAT  \\$a15020$b40$c20211004$lBLL01$h1434
=DRT  \\$aLD-ebooks
=SRC  \\$aSubmission Portal
=STA  \\$aSUPPRESSED$bRebatched as Serial
=LAS  \\$a15020$b40$c20211004$lBLL01$h1434

