=LDR  04245cam a22004095i 4500
=001  020347961
=003  Uk
=005  20220106135058.0
=006  m\\\\||\\d\|\\\\\\
=007  cr\|||||||||||
=008  211002s2021\\\\|||||||fo\\\\||||\||eng\\
=FMT  \\$a  BK
=020  \\$a9788131256107$qEPUB
=020  \\$a8131256103$qEPUB
=037  \\$a9788131256107$bIngram Content Group
=040  \\$aUk$beng$cUk
=245  00$aDENTAL LABORATORY PROCEDURES :$bSecond South and South-East Asia Edition (3 Vol set) e-book /$cSanjna Nayar.
=250  \\$a2nd
=264  \1$bElsevier India,$c2021.
=300  \\$a1 online resource (1336 pages)
=336  \\$atext$2rdacontent
=337  \\$acomputer$2rdamedia
=338  \\$aonline resource$2rdacarrier
=505  0\$a<p><b><U>Volume-01</U></b></p> <p><b>1</b> Effective Dentist-Technician Communication 1</p><b> <p>2 </b>Preliminary Impressions Care and Pouring 10</p><b> <p>3 </b>Impression Trays 22</p><b> <p>4 </b>Final Impressions, Boxing and Pouring 39</p><b> <p>5 </b>Record Bases and Occlusion Rims 59</p><b> <p>6 </b>Articulators and Mounting Casts 89</p><b> <p>7 </b>Artifi cial Teeth 116</p><b> <p>8 </b>Arranging of Artifi cial Teeth 128</p><b> <p>9 </b>Waxing and Processing 158</p><b> <p>10 </b>Finishing, Polishing, Denture Markers and Denture Duplication 181</p><b> <p>11 </b>Characterisation of the Complete Dentures 204</p><b> <p>12 </b>Metal Bases 229</p><b> <p>13 </b>Relining and Rebasing 241</p><b> <p>14 </b>Soft Liners 259</p><b> <p>15 </b>Repairs 272</p><b> <p>16 </b>Laboratory Procedures for Immediate CompleteDentures 295</p><b> <p>17 </b>Maxillofacial Prosthetics 336</p><b> <p>18 </b>Sterilisation and Disinfection 365</p> <p>Index 375</p><b><U> <p>Volume-02</p></U> <p>1 </b>Impression Materials and Techniques 1</p><b> <p>2 </b>Diagnostic Procedures 20</p><b> <p>3 </b>Dies and Die Systems 34</p><b> <p>4 </b>Mounting the Master Casts 47</p><b> <p>5 </b>Tooth Morphology 65</p><b> <p>6 </b>Visual Perception and Tooth Contour 81</p><b> <p>7 </b>Articulation and Occlusal Morphology 91</p><b> <p>8 </b>Preparation Designs for Crowns and Retainers 108</p><b> <p>9 </b>Wax Pattern 122</p><b> <p>10 </b>Pontic Designs 140</p><b> <p>11 </b>Dental Castings 153</p><b> <p>12 </b>Metal Ceramics in Fixed Partial Dentures 188</p><b> <p>13 </b>All-Ceramic Crowns and Bridges 260</p><b> <p>14 </b>Fixed-Removable Partial Dentures 289</p><b> <p>15 </b>Provisional Restorations 320</p><b> <p>16 </b>Colour in Ceramics 330</p><b> <p>17 </b>Virtual Laboratory-The Next Level 346</p><b> <p>18 </b>Dental Implant Prosthodontics 389</p> <p>Index 443</p><b><U> <p>Volume - 03</p></U> <p>1 </b>Care of Impressions and Making Casts 1</p><b> <p>2 </b>Pouring Corrected Cast Impressions 23</p><b> <p>3 </b>Stock and Custom Impression Trays 44</p><b> <p>4 </b>Record Bases and Mounting Casts 56</p><b> <p>5 </b>Survey and Design 90</p><b> <p>6 </b>Design Transfer, Block-Out and Relief 120</p><b> <p>7 </b>Duplication and Refractory Casts 136</p><b> <p>8 </b>Waxing and Spruing 146</p><b> <p>9 </b>Wrought Wire 159</p><b> <p>10 </b>Investing, Burnout and Casting 177</p><b> <p>11 </b>Finishing and Polishing the Framework 185</p><b> <p>12 </b>Selecting and Arranging Teeth 193</p><b> <p>13 </b>Flasking, Processing, Defl asking and Finishing 203</p><b> <p>14 </b>Relining, Rebasing and Reconstruction 226</p><b> <p>15 </b>Repairs 246</p><b> <p>16 </b>Special Purpose Partial Dentures 275</p><b> <p>17 </b>Attachments in Cast Partial Dentures 298</p><b> <p>18 </b>Attachments for Overdentures 332</p><b> <p>19 </b>Orthodontic Procedures 380</p><b> <p>20 </b>Diagnostic and Treatment Appliances 410</p><b> <p>21 </b>Custom Mouth Guards 430</p> <p>Index 443</p>
=700  1\$aNayar, Sanjna$eeditor
=859  \\$aELD$bebook
=852  \\$aBritish Library$bHMNTS$cDRT$jELD.DS.637869
=CAT  \\$aBATCH-EBKN$b00$c20211005$lBLL01$h0201
=CAT  \\$aEBKS-FXD$c20211005$lBLL01$h0208
=CAT  \\$aBATCH$b00$c20211005$lBLL01$h0209
=CAT  \\$a11279$b40$c20220106$lBLL01$h1350
=DRT  \\$aLD-ebooks
=SRC  \\$aIngrams
=STA  \\$aSUPPRESSED$bE-content not eligible for Non-Print Legal Deposit
=ONX  \\$aIN
=ONS  \7$aMED$x016000$2bisacsh
=LAS  \\$a11279$b40$c20220106$lBLL01$h1350

