=LDR  01112cam a22003255i 4500
=001  020361302
=003  Uk
=005  20220713142332.0
=006  m\\\\||\\d\|\\\\\\
=007  cr\|||||||||||
=008  211017s2021\\\\xxk|||||o\\\\||||\||eng\\
=FMT  \\$a  BK
=040  \\$aUk$beng$cUk
=245  00$aPerceptions of personal safety and experiences of harassment, Great Britain :$b2 to 27 June 2021.
=264  \1$aUK :$bOffice for National Statistics,$c2021.
=300  \\$a1 online resource.
=336  \\$atext$2rdacontent
=337  \\$acomputer$2rdamedia
=338  \\$aonline resource$2rdacarrier
=500  \\$aStatistical bulletin | 24 August 2021 | On advice of ELD Cat - Treat as Mono
=859  \\$aELD$bebook
=852  \\$aBritish Library$bHMNTS$cDRT$jELD.DS.641260
=CAT  \\$aBATCH-EBKN$b00$c20211017$lBLL01$h0200
=CAT  \\$aEBKS-FXD$c20211017$lBLL01$h0205
=CAT  \\$aBATCH$b00$c20211017$lBLL01$h0205
=CAT  \\$a11450$b40$c20220713$lBLL01$h1423
=DRT  \\$aLD-ebooks
=SRC  \\$aSubmission Portal
=STA  \\$aSUPPRESSED$bRebatched as a Serial
=LAS  \\$a11450$b40$c20220713$lBLL01$h1423

