=LDR  01606cam a22004215i 4500
=001  020372825
=003  Uk
=005  20220110103926.0
=006  m\\\\||\\d\|\\\\\\
=007  cr\|||||||||||
=008  211026s2021\\\\|||||||fo\\\\||||\||eng\\
=FMT  \\$a  BK
=020  \\$a9788131265550$qEPUB
=020  \\$a8131265552$qEPUB
=037  \\$a9788131265550$bIngram Content Group
=040  \\$aUk$beng$cUk
=100  1\$aSilvestri, Linda Anne,$eauthor$uAssistant Professor of Nursing,Clinical Coordinator, Nursing Program,Salve Regina University Newport, Rhode Island;President, Professional Nursing Seminars, Inc.Charlestown, Rhode Island
=245  10$aSaunders Q & A Review for the NCLEX-RN® Examination: Second South Asia Edition - E-book /$cLinda Anne Silvestri, Angela Elizabeth Silvestri.
=250  \\$a2nd
=264  \1$bElsevier India,$c2021.
=300  \\$a1 online resource (690 pages)
=336  \\$atext$2rdacontent
=337  \\$acomputer$2rdamedia
=338  \\$aonline resource$2rdacarrier
=700  1\$aSilvestri, Angela Elizabeth$eauthor
=859  \\$aELD$bebook
=852  \\$aBritish Library$bHMNTS$cDRT$jELD.DS.644972
=CAT  \\$aBATCH-EBKN$b00$c20211029$lBLL01$h0202
=CAT  \\$aBATCH-UPD$b00$c20211029$lBLL01$h0202
=CAT  \\$aEBKS-FXD$c20211029$lBLL01$h0212
=CAT  \\$aBATCH$b00$c20211029$lBLL01$h0214
=CAT  \\$a7183$b40$c20220110$lBLL01$h1039
=DRT  \\$aLD-ebooks
=SRC  \\$aIngrams
=STA  \\$aSUPPRESSED$bE-content not eligible for Non-Print Legal Deposit
=ONX  \\$aIN
=ONS  \7$aMED$x058210$2bisacsh
=LAS  \\$a7183$b40$c20220110$lBLL01$h1039

