=LDR  02975cam a22004455i 4500
=001  020372828
=003  Uk
=005  20220106133116.0
=006  m\\\\||\\d\|\\\\\\
=007  cr\|||||||||||
=008  211026s2021\\\\|||||||fo\\\\||||\||eng\\
=FMT  \\$a  BK
=020  \\$a9788131264584$qPDF
=020  \\$a8131264580$qPDF
=037  \\$a9788131264584$bIngram Content Group
=040  \\$aUk$beng$cUk
=100  1\$aAbbas, Abul K.,$eauthor$uDistinguished Professor and Chair, Department of Pathology, University of California San Francisco, San Francisco, California
=245  10$aCellular and Molecular Immunology, 10th Edition-South Asia Edition - E-Book /$cAbul K. Abbas, Andrew H Lichtman, Shiv Pillai.
=250  \\$a10th
=264  \1$bElsevier India,$c2021.
=300  \\$a1 online resource (600 pages)
=336  \\$atext$2rdacontent
=337  \\$acomputer$2rdamedia
=338  \\$aonline resource$2rdacarrier
=505  0\$a<p>Chapter1 Properties and Overview of Immune Responses</p> <p>Chapter2 Cells and Tissues of the Immune System</p> <p>Chapter3 Leukocyte Circulation and Migration into Tissues</p> <p>Chapter4 Innate Immunity</p> <p>Chapter5 Antibodies and Antigens</p> <p>Chapter6 Antigen Presentation to T Lymphocytes and the Functions of MHC Molecules</p> <p>Chapter7 Immune Receptors and Signal Transduction</p> <p>Chapter8 Lymphocyte Development and Antigen Receptor Gene Rearrangement</p> <p>Chapter9 Activation of T Lymphocytes</p> <p>Chapter 10 Differentiation and Functions of CD4<SUP>+</SUP> Effector T Cells</p> <p>Chapter 11 Differentiation and Functions of CD8<SUP>+</SUP> Effector T Cells</p> <p>Chapter 12 B Cell Activation and Antibody Production</p> <p>Chapter 13 Effector Mechanisms of Humoral Immunity</p> <p>Chapter 14 Specialized Immunity at Epithelial Barriers and in Immune Privileged Tissues</p> <p>Chapter 15 Immunologic Tolerance and Autoimmunity</p> <p>Chapter 16 Immunity to Microbes</p> <p>Chapter 17 Transplantation Immunology</p> <p>Chapter 18 Immunity to Tumors</p> <p>Chapter 19 Hypersensitivity Disorders</p> <p>Chapter 20 Allergy</p> <p>Chapter 21 Congenital and Acquired Immunodeficiencies</p> <p>Appendix I Glossary</p> <p>Appendix II Cytokines</p> <p>Appendix III Principle Features of Selected CD Molecules</p> <p>Appendix IV Laboratory Techniques Commonly Used in Immunology</p>
=700  1\$aLichtman, Andrew H.,$eauthor.
=700  1\$aPillai, Shiv,$eauthor.
=859  \\$aELD$bebook
=852  \\$aBritish Library$bHMNTS$cDRT$jELD.DS.644975
=CAT  \\$aBATCH-EBKN$b00$c20211029$lBLL01$h0202
=CAT  \\$aBATCH-UPD$b00$c20211029$lBLL01$h0202
=CAT  \\$aEBKS-FXD$c20211029$lBLL01$h0212
=CAT  \\$aBATCH$b00$c20211029$lBLL01$h0214
=CAT  \\$a11279$b40$c20220106$lBLL01$h1331
=DRT  \\$aLD-ebooks
=SRC  \\$aIngrams
=STA  \\$aSUPPRESSED$bE-content not eligible for Non-Print Legal Deposit
=ONX  \\$aIN
=ONS  \7$aMED$x044000$2bisacsh
=LAS  \\$a11279$b40$c20220106$lBLL01$h1331

