=LDR  02470cam a22004215i 4500
=001  020399136
=003  Uk
=005  20220110103638.0
=006  m\\\\||\\d\|\\\\\\
=007  cr\|||||||||||
=008  211118s2021\\\\|||||||fo\\\\||||\||eng\\
=FMT  \\$a  BK
=020  \\$a9788131256121$qEPUB
=020  \\$a813125612X$qEPUB
=037  \\$a9788131256121$bIngram Content Group
=040  \\$aUk$beng$cUk
=100  1\$aShenoy, Arvind$eauthor
=245  10$aPhillips Science of Dental Materials, Second South Asia Edition - E-Book :$bSecond South Asian Edition /$cArvind Shenoy, Chandrasekharan K Nair.
=250  \\$a2nd
=264  \1$bElsevier India,$c2021.
=300  \\$a1 online resource (570 pages)
=336  \\$atext$2rdacontent
=337  \\$acomputer$2rdamedia
=338  \\$aonline resource$2rdacarrier
=505  0\$a<p>Part I General Classes and Properties of Dental Materials</p> <p>1 Overview of Preventive and Restorative Materials</p> <p>2 Structure of Matter, General Classes of Materials, and Principles of Adhesion </p> <p>3 Physical and Chemical Properties of Solids </p> <p>4 Mechanical Properties of Dental Materials </p><b> <p>Part II Direct Restorative Materials</p></b> <p>5 Resin-Based Composites </p> <p>6 Bonding Mechanism and Bonding Agents </p> <p>7 Dental Cements </p> <p>8 Dental Amalgams </p><b> <p>Part III Indirect Restorative Materials</p></b> <p>9 Metals </p> <p>10 Ceramic-Based Materials </p> <p>11 Prosthetic Polymers and Resins</p> <p>12 Dental Implants </p><b> <p>PART IV Fabrication of Prostheses</p></b> <p>13 Auxiliary Materials </p> <p>14 Casting Investments and Casting Procedures </p> <p>15 Digital Technology in Dentistry </p> <p>16 Materials and Processes for Cutting, Grinding, Finishing, and Polishing </p><b> <p>Part V Clinical Aspects of Dental Restorations</p></b> <p>17 Biocompatibility </p> <p>18 Clinical Research on Restorations </p> <p>19 Emerging Technologies </p>
=700  1\$aNair, Chandrasekharan K$eauthor
=859  \\$aELD$bebook
=852  \\$aBritish Library$bHMNTS$cDRT$jELD.DS.652608
=CAT  \\$aBATCH-EBKN$b00$c20211121$lBLL01$h0202
=CAT  \\$aEBKS-FXD$c20211121$lBLL01$h0209
=CAT  \\$aBATCH$b00$c20211121$lBLL01$h0211
=CAT  \\$a7183$b40$c20220110$lBLL01$h1036
=DRT  \\$aLD-ebooks
=SRC  \\$aIngrams
=STA  \\$aSUPPRESSED$bE-content not eligible for Non-Print Legal Deposit
=ONX  \\$aIN
=ONS  \7$aMED$x016000$2bisacsh
=LAS  \\$a7183$b40$c20220110$lBLL01$h1036

