=LDR  01278cam a22003375i 4500
=001  020405950
=003  Uk
=005  20211229125550.0
=006  m\\\\||\\d\|\\\\\\
=007  cr\|||||||||||
=008  211128s2021\\\\xxk|||||o\\\\||||\||eng\\
=FMT  \\$a  BK
=040  \\$aUk$beng$cUk
=245  00$aIntravenous or oral antibiotic treatment in adults and children with cystic fibrosis and Pseudomonas aeruginosa infection :$bthe TORPEDO-CF RCT.
=264  \1$aUK :$bNIHR Journals Library,$c2021.
=300  \\$a1 online resource.
=336  \\$atext$2rdacontent
=337  \\$acomputer$2rdamedia
=338  \\$aonline resource$2rdacarrier
=500  \\$aHealth Technology Assessment, Volume 25 • Issue 65 • November 2021, ISSN 1366-5278
=720  0\$aLangton Hewer, Simon C; Smyth, Alan R; Brown, Michaela
=859  \\$aELD$bebook
=852  \\$aBritish Library$bHMNTS$cDRT$jELD.DS.653522$qImperfect: incorrect title sent.
=CAT  \\$aBATCH-EBKN$b00$c20211128$lBLL01$h0200
=CAT  \\$aEBKS-FXD$c20211128$lBLL01$h0205
=CAT  \\$aBATCH$b00$c20211128$lBLL01$h0205
=CAT  \\$a11279$b40$c20211229$lBLL01$h1255
=DRT  \\$aLD-ebooks
=SRC  \\$aSubmission Portal
=STA  \\$aSUPPRESSED$bE-content not adequate for display
=LAS  \\$a11279$b40$c20211229$lBLL01$h1255

