=LDR  01035cam a22003135i 4500
=001  020414875
=003  Uk
=005  20220406082517.0
=006  m\\\\||\\d\|\\\\\\
=007  cr\|||||||||||
=008  211204s2021\\\\xxk|||||o\\\\||||\||eng\\
=FMT  \\$a  BK
=040  \\$aUk$beng$cUk
=245  00$aCoronavirus (COVID-19) case rates by sociodemographic characteristics, England :$b1 September 2020 to 25 July 2021.
=264  \1$aUK :$bOffice for National Statistics,$c2021.
=300  \\$a1 online resource.
=336  \\$atext$2rdacontent
=337  \\$acomputer$2rdamedia
=338  \\$aonline resource$2rdacarrier
=859  \\$aELD$bebook
=852  \\$aBritish Library$bHMNTS$cDRT$jELD.DS.653985
=CAT  \\$aBATCH-EBKN$b00$c20211204$lBLL01$h0200
=CAT  \\$aEBKS-FXD$c20211204$lBLL01$h0203
=CAT  \\$aBATCH$b00$c20211204$lBLL01$h0204
=CAT  \\$a11450$b40$c20220406$lBLL01$h0825
=DRT  \\$aLD-ebooks
=SRC  \\$aSubmission Portal
=STA  \\$aSUPPRESSED$bRebatched as Serial
=LAS  \\$a11450$b40$c20220406$lBLL01$h0825

