=LDR  01132cam a22003255i 4500
=001  020414891
=003  Uk
=005  20220406082636.0
=006  m\\\\||\\d\|\\\\\\
=007  cr\|||||||||||
=008  211204s2021\\\\xxk|||||o\\\\||||\||eng\\
=FMT  \\$a  BK
=040  \\$aUk$beng$cUk
=245  00$aCoronavirus (COVID-19) case rates by socio-demographic characteristics, England :$b1 September 2020 to 25 July 2021.
=264  \1$aUK :$bOffice for National Statistics,$c2021.
=300  \\$a1 online resource.
=336  \\$atext$2rdacontent
=337  \\$acomputer$2rdamedia
=338  \\$aonline resource$2rdacarrier
=500  \\$aStatistical bulletin | 20 September 2021 | On advice of ELD Cat - Treat as Mono
=859  \\$aELD$bebook
=852  \\$aBritish Library$bHMNTS$cDRT$jELD.DS.654001
=CAT  \\$aBATCH-EBKN$b00$c20211204$lBLL01$h0200
=CAT  \\$aEBKS-FXD$c20211204$lBLL01$h0203
=CAT  \\$aBATCH$b00$c20211204$lBLL01$h0204
=CAT  \\$a11450$b40$c20220406$lBLL01$h0826
=DRT  \\$aLD-ebooks
=SRC  \\$aSubmission Portal
=STA  \\$aSUPPRESSED$bRebatched as Serial
=LAS  \\$a11450$b40$c20220406$lBLL01$h0826

