=LDR  01211cam a22003495i 4500
=001  020414900
=003  Uk
=005  20220509132817.0
=006  m\\\\||\\d\|\\\\\\
=007  cr\|||||||||||
=008  211204s2021\\\\xxk|||||o\\\\||||\||eng\\
=FMT  \\$a  BK
=040  \\$aUk$beng$cUk
=245  00$aDeaths involving COVID-19 by vaccination status, England :$bdeaths occurring between 2 January and 2 July 2021.
=264  \1$aUK :$bOffice for National Statistics,$c2021.
=300  \\$a1 online resource.
=336  \\$atext$2rdacontent
=337  \\$acomputer$2rdamedia
=338  \\$aonline resource$2rdacarrier
=500  \\$aArticle | 13 September 2021 | On advice of ELD Cat - Treat as Mono
=859  \\$aELD$bebook
=852  \\$aBritish Library$bHMNTS$cDRT$jELD.DS.654010
=CAT  \\$aBATCH-EBKN$b00$c20211204$lBLL01$h0200
=CAT  \\$aEBKS-FXD$c20211204$lBLL01$h0203
=CAT  \\$aBATCH$b00$c20211204$lBLL01$h0204
=CAT  \\$a11450$b40$c20220208$lBLL01$h1332
=CAT  \\$a11450$b40$c20220509$lBLL01$h1328
=DRT  \\$aLD-ebooks
=SRC  \\$aSubmission Portal
=STA  \\$aSUPPRESSED$bRebatched as Serial
=STA  \\$aSUPPRESSED$bRebatched as Serial
=LAS  \\$a11450$b40$c20220509$lBLL01$h1328

