=LDR  01127cam a22003495i 4500
=001  020435418
=003  Uk
=005  20220215120829.0
=006  m\\\\||\\d\|\\\\\\
=007  cr\|||||||||||
=008  211226s2020\\\\xxk|||||o\\\\||||\||eng\\
=FMT  \\$a  BK
=020  \\$a9781912938247
=040  \\$aUk$beng$cUk
=245  00$aMinority and Indigenous Trends 2020 - Focus on technology :$b-Trends-2020_Technology.
=264  \1$aLondon :$bMinority Rights Group International,$c2020.
=300  \\$a1 online resource.
=336  \\$atext$2rdacontent
=337  \\$acomputer$2rdamedia
=338  \\$aonline resource$2rdacarrier
=720  0\$aPeter Grant (ed.)
=859  \\$aELD$bebook
=852  \\$aBritish Library$bHMNTS$cDRT$jELD.DS.657510
=CAT  \\$aBATCH-EBKN$b00$c20211226$lBLL01$h0201
=CAT  \\$aEBKS-FXD$c20211226$lBLL01$h0212
=CAT  \\$aBATCH$b00$c20211226$lBLL01$h0213
=CAT  \\$a14412$b40$c20220215$lBLL01$h1207
=CAT  \\$a14412$b40$c20220215$lBLL01$h1208
=DRT  \\$aLD-ebooks
=SRC  \\$aSubmission Portal
=STA  \\$aSUPPRESSED$bRebatched as Serial
=LAS  \\$a14412$b40$c20220215$lBLL01$h1208

