=LDR  03322cam a22004095i 4500
=001  020435838
=003  Uk
=005  20220110104817.0
=006  m\\\\||\\d\|\\\\\\
=007  cr\|||||||||||
=008  211226s2021\\\\|||||||fo\\\\||||\||eng\\
=FMT  \\$a  BK
=020  \\$a9788131257838$qEPUB
=020  \\$a8131257835$qEPUB
=037  \\$a9788131257838$bIngram Content Group
=040  \\$aUk$beng$cUk
=245  00$aPotter and Perry's Fundamentals of Nursing: Third South Asia Edition EBook /$cSharma Suresh.
=250  \\$a3rd
=264  \1$bElsevier India,$c2021.
=300  \\$a1 online resource (1346 pages)
=336  \\$atext$2rdacontent
=337  \\$acomputer$2rdamedia
=338  \\$aonline resource$2rdacarrier
=505  0\$a<p>UNIT 1 The Patient, Nursing, and Health Care</p> <p>Environment</p> <p>1 Health and Wellness, 1</p> <p>2 The Health Care Delivery System</p> <p>3 Nursing Today: Nursing as a Profession,</p> <p>4 Evidence-Based Practice</p> <p>5 Caring in Nursing Practice</p> <p>6 Cultural Awareness</p> <p>UNIT 2 Professional Standards in Nursing</p> <p>Practices</p> <p>7 Ethics and Values</p> <p>8 Legal Implications in Nursing Practice</p> <p>UNIT 3 Communication and Nurse-Patient</p> <p>Relationship</p> <p>9 Communication</p> <p>10 Patient Education</p> <p>UNIT 4 Critical Thinking and Nursing Process</p> <p>in Nursing Practices</p> <p>11 Critical Thinking in Nursing Practice</p> <p>12 Nursing Assessment</p> <p>13 Nursing Diagnosis</p> <p>14 Planning Nursing Care</p> <p>15 Implementing Nursing Care</p> <p>16 Evaluation</p> <p>17 Managing Patient Care</p> <p>UNIT 5 Documentation and Informatics</p> <p>18 Documentation and Reporting</p> <p>UNIT 6 Foundations of Nursing Practice</p> <p>19 Hospitalization: Admission and Discharge</p> <p>20 Vital Signs</p> <p>21 Health Assessment and Physical Examination</p> <p>22 Machinery, Equipment, and Linen</p> <p>23 Infection Prevention and Control</p> <p>24 Medication Administration</p> <p>25 Complementary and Alternative Therapies</p> <p>26 Patient Safety and Quality</p> <p>UNIT 7 Psychological Basis of Nursing Practice</p> <p>27 Self-Concept</p> <p>28 Sexuality</p> <p>29 Spiritual Health</p> <p>30 The Experience of Loss, Death, and Grief</p> <p>31 Stress and Coping</p> <p>UNIT 8 Physiological Basis of Nursing Practice</p> <p>32 Activity and Exercise</p> <p>33 Hygiene</p> <p>34 Oxygenation</p> <p>35 Fluid, Electrolyte, and Acid-Base Balance</p> <p>36 Sleep</p> <p>37 Pain Management</p> <p>38 Nutrition</p> <p>39 Urinary Elimination</p> <p>40 Bowel Elimination</p> <p>41 Mobility and Immobility</p> <p>42 Skin Integrity and Wound Care</p> <p>43 Sensory Alterations</p> <p>UNIT 9 Advance Nursing Practice</p> <p>44 Care of Surgical Patients</p> <p>45 Theoretical Foundations of Nursing Practice</p>
=700  1\$aSuresh, Sharma$eeditor
=859  \\$aELD$bebook
=852  \\$aBritish Library$bHMNTS$cDRT$jELD.DS.658789
=CAT  \\$aBATCH-EBKN$b00$c20211229$lBLL01$h0201
=CAT  \\$aEBKS-FXD$c20211229$lBLL01$h0207
=CAT  \\$aBATCH$b00$c20211229$lBLL01$h0208
=CAT  \\$a7183$b40$c20220110$lBLL01$h1048
=DRT  \\$aLD-ebooks
=SRC  \\$aIngrams
=STA  \\$aSUPPRESSED$bE-content not eligible for Non-Print Legal Deposit
=ONX  \\$aIN
=ONS  \7$aMED$x058050$2bisacsh
=LAS  \\$a7183$b40$c20220110$lBLL01$h1048

