=LDR  02389cam a22004095i 4500
=001  020435839
=003  Uk
=005  20220110175314.0
=006  m\\\\||\\d\|\\\\\\
=007  cr\|||||||||||
=008  211226s2021\\\\|||||||fo\\\\||||\||eng\\
=FMT  \\$a  BK
=020  \\$a9788131262900$qEPUB
=020  \\$a8131262901$qEPUB
=037  \\$a9788131262900$bIngram Content Group
=040  \\$aUk$beng$cUk
=100  1\$aMcIntosh, Staci Nix$eauthor$uAssistant Professor, Division of Nutrition, College of Health, University of Utah, Salt Lake City, UT
=245  10$aWilliams' Basic Nutrition & Diet Therapy: 16E South Asia Edition - E-Book /$cStaci Nix McIntosh.
=250  \\$a16th
=264  \1$bElsevier India,$c2021.
=300  \\$a1 online resource (579 pages)
=336  \\$atext$2rdacontent
=337  \\$acomputer$2rdamedia
=338  \\$aonline resource$2rdacarrier
=505  0\$a<p><b>PART 1: Introduction to Basic Principles of Nutrition Science</b> 1. Food, Nutrition, and Health 2. Carbohydrates 3. Fats 4. Proteins 5. Digestion, Absorption, and Metabolism 6. Energy Balance 7. Vitamins 8. Minerals 9. Water and Electrolyte Balance</p> <p><b>PART 2: Nutrition Throughout the Life Cycle </b>10. Nutrition During Pregnancy and Lactation 11. Nutrition During Infancy, Childhood, and Adolescence 12. Nutrition for Adults: The Early, Middle, and Later Years</p> <p><b>PART 3: Community Nutrition and Health Care</b> 13. Community Food Supply and Health 14. Food Habits and Cultural Patterns 15. Weight Management 16. Nutrition and Physical Fitness</p> <p><b>PART 4: Clinical Nutrition </b>17. Nutritional Care 18. Gastrointestinal and Accessory Organ Problems 19. Coronary Heart Disease and Hypertension 20. Diabetes Mellitus 21. Kidney Disease 22. Surgery and Nutritional Support 23. Nutritional Support in Cancer and AIDS</p> <p><b>Appendixes Glossary</b></p>
=859  \\$aELD$bebook
=852  \\$aBritish Library$bHMNTS$cDRT$jELD.DS.658790
=CAT  \\$aBATCH-EBKN$b00$c20211229$lBLL01$h0201
=CAT  \\$aEBKS-FXD$c20211229$lBLL01$h0207
=CAT  \\$aBATCH$b00$c20211229$lBLL01$h0208
=CAT  \\$a7183$b40$c20220110$lBLL01$h1753
=DRT  \\$aLD-ebooks
=SRC  \\$aIngrams
=STA  \\$aSUPPRESSED$bE-content not eligible for Non-Print Legal Deposit
=ONX  \\$aIN
=ONS  \7$aMED$x058150$2bisacsh
=LAS  \\$a7183$b40$c20220110$lBLL01$h1753

