=LDR  06314cam a22004455i 4500
=001  020435842
=003  Uk
=005  20220110102843.0
=006  m\\\\||\\d\|\\\\\\
=007  cr\|||||||||||
=008  211226s2021\\\\|||||||fo\\\\||||\||eng\\
=FMT  \\$a  BK
=020  \\$a9788131264522$qEPUB
=020  \\$a8131264521$qEPUB
=037  \\$a9788131264522$bIngram Content Group
=040  \\$aUk$beng$cUk
=072  \7$aMMF$2bicssc
=100  1\$aMcPherson, Richard A.,$eauthor$uProfessor of Pathology, Emeritus, Virginia Commonwealth University, Richmond, Virginia
=245  10$aHenry's Clinical Diagnosis and Management by Laboratory Methods, 24e, South Asia Edition - EBook /$cRichard A. McPherson.
=250  \\$a24th
=264  \1$bElsevier India,$c2021.
=300  \\$a1 online resource (1721 pages)
=336  \\$atext$2rdacontent
=337  \\$acomputer$2rdamedia
=338  \\$aonline resource$2rdacarrier
=505  0\$a<p>Part 1: The Clinical Laboratory</p> <p>1. General Concepts and Administrative Issues</p> <p>2. Optimizing Laboratory Workflow and Performance</p> <p>3. Preanalysis</p> <p>4. Analysis: Principles of Instrumentation</p> <p>5. Mass Spectrometry and Applications</p> <p>6. Analysis: Clinical Laboratory Automation</p> <p>7. Point-of-Care Testing and Physician Office Laboratories</p> <p>8. Postanalysis: Medical Decision Making</p> <p>9. Interpreting Laboratory Results</p> <p>10. Laboratory Statistics</p> <p>11. Quality Control</p> <p>12. Clinical Laboratory Informatics</p> <p>13. Financial Management</p> <p>14. Ethics in Laboratory Medicine</p> <p>Part 2: Clinical Chemistry</p> <p>15. Evaluation of Renal Function, Water , Electrolytes and Acid-Base Function</p> <p>16. Biochemical Markers of Bone Metabolism</p> <p>17. Carbohydrates</p> <p>18. Lipids and Dyslipoproteinemia</p> <p>19. Cardiac Injury, Atherosclerosis, and Thrombotic Disease</p> <p>20. Specific Proteins</p> <p>21. Clinical Enzymology</p> <p>22. Evaluation of Liver Function</p> <p>23. Laboratory Diagnosis of Gastrointestinal and Pancreatic Disorders</p> <p>24. Toxicology and Therapeutic Drug Monitoring</p> <p>25. Evaluation of Endocrine Function</p> <p>26. Reproductive Function and Pregnancy</p> <p>27. Vitamins and Trace Elements</p> <p>28. Chemical Basis for Analyte Assays and Common Interferences</p> <p>Part 3: Urine and Other Body Fluids</p> <p>29. Basic Examination of Urine</p> <p>30. Cerebrospinal, Synovial, Serous Body Fluids, and Alternative Specimens</p> <p>Part 4: Hematology and Transfusion Medicine</p> <p>31. Basic Examination of Blood and Bone Marrow</p> <p>32. Hematopoiesis</p> <p>33. Erythrocytic Disorders</p> <p>34. Leukocytic Disorders</p> <p>35. The Flow Cytometric Evaluation for Hematopoietic Neoplasia</p> <p>36. Immunohematology</p> <p>37. Transfusion Medicine</p> <p>38. Hemapheresis</p> <p>39. Tissue Banking and Progenitor Cells</p> <p>Part 5: Hemostasis and Thrombosis</p> <p>40. Coagulation and Fibrinolysis</p> <p>41. Platelet Disorders and Von Willebrand Disease</p> <p>42. Laboratory Approach to Thrombotic Risk</p> <p>43. Antithrombotic Therapy</p> <p>Part 6: Immunology and Immunopathology</p> <p>44. Overview of the Immune System and Immunologic Disorders</p> <p>45. Immunoassays and Immunochemistry</p> <p>46. Laboratory Evaluation of the Cellular Immune System</p> <p>47. Laboratory Evaluation of Immunoglobulin Function and Humoral Immunity</p> <p>48. Mediators of Inflammation: Complement</p> <p>49. Mediators of Inflammation: Cytokines and Adhesion Molecules</p> <p>50. Human Leukocyte Antigen: The Major Histocompatibility Complex of Man</p> <p>51. The Major Histocompatibility Complex and Disease</p> <p>52. Immunodeficiency Disorders</p> <p>53. Clinical and Laboratory Evaluation of Systemic Autoimmune Rheumatic Diseases</p> <p>54. Vasculitis</p> <p>55. Organ-Specific Autoimmune Diseases</p> <p>56. Allergic Diseases</p> <p>Part 7: Medical Microbiology</p> <p>57. Medical Bacteriology</p> <p>58. In Vitro Testing of Antimicrobial Agents</p> <p>59. Mycobacteria</p> <p>60. Mycotic Diseases</p> <p>61. Spirochete Infections</p> <p>62. Chlamydial and Mycoplasmal Infections</p> <p>63. Rickettsiae and Other Related Intracellular Bacteria</p> <p>64. Viral Infections</p> <p>65. Medical Parasitology</p> <p>66. Specimen Collection and Handling for Diagnosis of Infectious Diseases</p> <p>Part 8: Molecular Pathology</p> <p>67. Introduction to Molecular Pathology</p> <p>68. Molecular Diagnostics: Basic Principles and Techniques</p> <p>69. Polymerase Chain Reaction and Other Nucleic Acid Amplification Technology</p> <p>70. Hybridization Array Technologies</p> <p>71. Applications of Cytogenetics in Modern Pathology</p> <p>72. Molecular Diagnosis of Genetic Diseases</p> <p>73. Molecular Genetics of Neuro-Psychiatric Disorders: Current Research and Perspectives</p> <p>74. Identity Testing: Use of DNA Analysis in Parentage, Forensic, and Missing Persons Testing</p> <p>75. Pharmacogenomics and Personalized Medicine</p> <p>Part 9: Clinical Pathology of Cancer</p> <p>76. Diagnosis and Management of Cancer Using Serologic and Other Body Fluid Markers</p> <p>77. Oncoproteins and Early Tumor Detection</p> <p>78. Molecular Diagnosis of Hematopoietic Neoplasms</p> <p>79. Molecular Genetic Pathology of Solid Tumors</p> <p>80. High-Throughput Genomic and Proteomic Technologies in the Post-Genomic Era</p> <p>Appendices</p> <p>Physiologic Solutions, Buffers, Acid-Base Indicators, Standard Reference Materials, and Temperature Conversions</p> <p>Desirable Weights, Body Surface Area, and Body Mass Index</p> <p>Approximations of Total Blood Volume</p> <p>Periodic Table of Elements</p> <p>SI Units</p> <p>Common Chimeric Genes Identified in Human Malignancies</p> <p>Disease/Organ Panels</p>
=859  \\$aELD$bebook
=852  \\$aBritish Library$bHMNTS$cDRT$jELD.DS.658793
=CAT  \\$aBATCH-EBKN$b00$c20211229$lBLL01$h0201
=CAT  \\$aBATCH-UPD$b00$c20211229$lBLL01$h0202
=CAT  \\$aEBKS-FXD$c20211229$lBLL01$h0207
=CAT  \\$aBATCH$b00$c20211229$lBLL01$h0208
=CAT  \\$a7183$b40$c20220110$lBLL01$h1028
=DRT  \\$aLD-ebooks
=SRC  \\$aIngrams
=STA  \\$aSUPPRESSED$bE-content not eligible for Non-Print Legal Deposit
=ONX  \\$aIN
=ONS  \7$aMJ$2bicssc
=ONS  \7$aMMF$2bicssc
=LAS  \\$a7183$b40$c20220110$lBLL01$h1028

