=LDR  00906cam a22003135i 4500
=001  020441119
=003  Uk
=005  20220608084013.0
=006  m\\\\||\\d\|\\\\\\
=007  cr\|||||||||||
=008  220109s2021\\\\xxk|||||o\\\\||||\||eng\\
=FMT  \\$a  BK
=040  \\$aUk$beng$cUk
=245  00$aTruck & Bus Builder - December 2021.
=264  \1$c2021.
=300  \\$a1 online resource.
=336  \\$atext$2rdacontent
=337  \\$acomputer$2rdamedia
=338  \\$aonline resource
=859  \\$aELD$bebook
=852  \\$aBritish Library$bHMNTS$cDRT$jELD.DS.659369
=CAT  \\$aBATCH-EBKN$b00$c20220109$lBLL01$h0201
=CAT  \\$aEBKS-FXD$c20220109$lBLL01$h0204
=CAT  \\$aBATCH$b00$c20220109$lBLL01$h0204
=CAT  \\$a15020$b40$c20220608$lBLL01$h0840
=DRT  \\$aLD-ebooks
=SRC  \\$aSubmission Portal
=STA  \\$aSUPPRESSED$bRe-batched as Serial
=LAS  \\$a15020$b40$c20220608$lBLL01$h0840

