=LDR  01080cam a22003255i 4500
=001  020447574
=003  Uk
=005  20230921083013.0
=006  m\\\\||\\d\|\\\\\\
=007  cr\|||||||||||
=008  220113s2021\\\\xxk|||||o\\\\||||\||eng\\
=FMT  \\$a  BK
=040  \\$aUk$beng$cUk
=245  00$aCare homes and estimating the self-funding population, England :$b2019 to 2020.
=264  \1$aUK :$bOffice for National Statistics,$c2021.
=300  \\$a1 online resource.
=336  \\$atext$2rdacontent
=337  \\$acomputer$2rdamedia
=338  \\$aonline resource$2rdacarrier
=500  \\$aArticle | 15 October 2021 | On advice of ELD Cat - Treat as Mono
=859  \\$aELD$bebook
=852  \\$aBritish Library$bHMNTS$cDRT$jELD.DS.660381
=CAT  \\$aBATCH-EBKN$b00$c20220113$lBLL01$h0200
=CAT  \\$aEBKS-FXD$c20220113$lBLL01$h0204
=CAT  \\$aBATCH$b00$c20220113$lBLL01$h0205
=CAT  \\$a11450$b40$c20230921$lBLL01$h0830
=DRT  \\$aLD-ebooks
=SRC  \\$aSubmission Portal
=STA  \\$aSUPPRESSED$bRebatched as Serial
=LAS  \\$a11450$b40$c20230921$lBLL01$h0830

