=LDR  01105cam a22003495i 4500
=001  020448976
=003  Uk
=005  20220224160837.0
=006  m\\\\||\\d\|\\\\\\
=007  cr\|||||||||||
=008  220116s2021\\\\xxk|||||o\\\\||||\||eng\\
=FMT  \\$a  BK
=040  \\$aUk$beng$cUk
=245  00$aMemorandum & Rules :$bBenenden HealthIssue Date: 14 September 2021.
=250  \\$a1
=264  \1$aYork :$bBenenden Healthcare,$c2021.
=300  \\$a1 online resource.
=336  \\$atext$2rdacontent
=337  \\$acomputer$2rdamedia
=338  \\$aonline resource$2rdacarrier
=500  \\$aNew Rulebook for The Benenden Healthcare Society Limited
=720  0\$aBenenden Healthcare
=859  \\$aELD$bebook
=852  \\$aBritish Library$bHMNTS$cDRT$jELD.DS.660852
=CAT  \\$aBATCH-EBKN$b00$c20220116$lBLL01$h0201
=CAT  \\$aEBKS-FXD$c20220116$lBLL01$h0204
=CAT  \\$aBATCH$b00$c20220116$lBLL01$h0204
=CAT  \\$a15731$b40$c20220224$lBLL01$h1608
=DRT  \\$aLD-ebooks
=SRC  \\$aSubmission Portal
=STA  \\$aSUPPRESSED$bRebatched as Serial
=LAS  \\$a15731$b40$c20220224$lBLL01$h1608

