=LDR  00994cam a22003135i 4500
=001  020449011
=003  Uk
=005  20231005104821.0
=006  m\\\\||\\d\|\\\\\\
=007  cr\|||||||||||
=008  220117s2021\\\\xxk|||||o\\\\||||\||eng\\
=FMT  \\$a  BK
=040  \\$aUk$beng$cUk
=245  00$aSector overview: Draft determinations of in-period outcome delivery incentives for 2020-21.
=264  \1$aBirmingham :$bOfwat,$c2021.
=300  \\$a1 online resource.
=336  \\$atext$2rdacontent
=337  \\$acomputer$2rdamedia
=338  \\$aonline resource$2rdacarrier
=859  \\$aELD$bebook
=852  \\$aBritish Library$bHMNTS$cDRT$jELD.DS.660899
=CAT  \\$aBATCH-EBKN$b00$c20220117$lBLL01$h0200
=CAT  \\$aEBKS-FXD$c20220117$lBLL01$h0203
=CAT  \\$aBATCH$b00$c20220117$lBLL01$h0203
=CAT  \\$a10902$b40$c20231005$lBLL01$h1048
=DRT  \\$aLD-ebooks
=SRC  \\$aSubmission Portal
=STA  \\$aSUPPRESSED$bRebatched as Serial
=LAS  \\$a10902$b40$c20231005$lBLL01$h1048

