=LDR  01036cam a22003255i 4500
=001  020465456
=003  Uk
=005  20231005105411.0
=006  m\\\\||\\d\|\\\\\\
=007  cr\|||||||||||
=008  220123s2021\\\\xxk|||||o\\\\||||\||eng\\
=FMT  \\$a  BK
=040  \\$aUk$beng$cUk
=245  00$aSector overview: Final determinations of in-period outcome delivery incentives for 2020-21.
=264  \1$aBirmingham :$bOfwat,$c2021.
=300  \\$a1 online resource.
=336  \\$atext$2rdacontent
=337  \\$acomputer$2rdamedia
=338  \\$aonline resource$2rdacarrier
=500  \\$achosen by London selector
=859  \\$aELD$bebook
=852  \\$aBritish Library$bHMNTS$cDRT$jELD.DS.661580
=CAT  \\$aBATCH-EBKN$b00$c20220123$lBLL01$h0206
=CAT  \\$aEBKS-FXD$c20220123$lBLL01$h0212
=CAT  \\$aBATCH$b00$c20220123$lBLL01$h0212
=CAT  \\$a10902$b40$c20231005$lBLL01$h1054
=DRT  \\$aLD-ebooks
=SRC  \\$aSubmission Portal
=STA  \\$aSUPPRESSED$bRebatched as Serial
=LAS  \\$a10902$b40$c20231005$lBLL01$h1054

