=LDR  01526cam a22004451i 4500
=001  020479673
=003  Uk
=005  20221004152652.0
=006  m\\\\||\\d\|\\\\\\
=007  cr\|||||||||||
=008  220206s2021\\\\xxk|||||o\\\\||||\||eng\\
=FMT  \\$a  BK
=015  \\$aGBC2C9351$2bnb
=020  \\$a9781916302372
=040  \\$aUk$beng$cUk
=042  \\$aukblsr
=082  04$a344.41012$223
=245  00$aEmployment tribunal remedies handbook.
=246  14$aEmployment tribunal remedies handbook.$p2021-22
=250  \\$a2021-22, Eighth edition /$bgeneral editor Benjamin Gray, Littleton Chambers ; forewords The Honourable Mr Justice Choudhury, Judge Barry Clarke, Judge Shona Simon.
=264  \1$aBath :$bBath Publishing,$c2021.
=300  \\$a1 online resource.
=336  \\$atext$2rdacontent
=337  \\$acomputer$2rdamedia
=338  \\$aonline resource$2rdacarrier
=650  \0$aLabor laws and legislation$zGreat Britain.
=700  1\$aGray, Benjamin$c(Barrister),$eeditor.
=859  \\$aELD$bebook
=852  \\$aBritish Library$bHMNTS$cDRT$jELD.DS.665539
=BUF  1\$aN$d20220725
=CAT  \\$aBATCH-EBKN$b00$c20220206$lBLL01$h0201
=CAT  \\$aEBKS-FXD$c20220206$lBLL01$h0207
=CAT  \\$aBATCH$b00$c20220206$lBLL01$h0208
=CAT  \\$aBATCH-UPEB$b00$c20220725$lBLL01$h1700
=CAT  \\$a15190$b40$c20221004$lBLL01$h1526
=FIN  \\$aY$d20220725
=DRT  \\$aLD-ebooks
=SRC  \\$aSubmission Portal
=STA  \\$aSUPPRESSED$bRebatched as Serial
=LAS  \\$a15190$b40$c20221004$lBLL01$h1526

