=LDR  01070cam a22003255i 4500
=001  020486250
=003  Uk
=005  20220224092443.0
=006  m\\\\||\\d\|\\\\\\
=007  cr\|||||||||||
=008  220212s2021\\\\xxk|||||o\\\\||||\||eng\\
=FMT  \\$a  BK
=040  \\$aUk$beng$cUk
=245  00$aRules 2021.
=264  \1$a[UK] :$bUK P&I Club,$c2021.
=300  \\$a1 online resource.
=336  \\$atext$2rdacontent
=337  \\$acomputer$2rdamedia
=338  \\$aonline resource$2rdacarrier
=500  \\$aIn recognition of all seafarers serving during the COVID-19 pandemic as well as supporting the Mission to Seafarers Flying Angels programme
=859  \\$aELD$bebook
=852  \\$aBritish Library$bHMNTS$cDRT$jELD.DS.666066
=CAT  \\$aBATCH-EBKN$b00$c20220212$lBLL01$h0203
=CAT  \\$aEBKS-FXD$c20220212$lBLL01$h0214
=CAT  \\$aBATCH$b00$c20220212$lBLL01$h0215
=CAT  \\$a15731$b40$c20220224$lBLL01$h0924
=DRT  \\$aLD-ebooks
=SRC  \\$aSubmission Portal
=STA  \\$aSUPPRESSED$bRebatched as Serial
=LAS  \\$a15731$b40$c20220224$lBLL01$h0924

