=LDR  00956cam a22003135i 4500
=001  020486282
=003  Uk
=005  20221201113735.0
=006  m\\\\||\\d\|\\\\\\
=007  cr\|||||||||||
=008  220212s2021\\\\xxk|||||o\\\\||||\||eng\\
=FMT  \\$a  BK
=040  \\$aUk$beng$cUk
=245  00$aESO Performance Panel Six-Month Review 2021-23 :$bReport.
=264  \1$aLondon :$bOfgem,$c2021.
=300  \\$a1 online resource.
=336  \\$atext$2rdacontent
=337  \\$acomputer$2rdamedia
=338  \\$aonline resource$2rdacarrier
=859  \\$aELD$bebook
=852  \\$aBritish Library$bHMNTS$cDRT$jELD.DS.666098
=CAT  \\$aBATCH-EBKN$b00$c20220212$lBLL01$h0203
=CAT  \\$aEBKS-FXD$c20220212$lBLL01$h0214
=CAT  \\$aBATCH$b00$c20220212$lBLL01$h0215
=CAT  \\$a14412$b40$c20221201$lBLL01$h1137
=DRT  \\$aLD-ebooks
=SRC  \\$aSubmission Portal
=STA  \\$aSUPPRESSED$bRebatched as Serial
=LAS  \\$a14412$b40$c20221201$lBLL01$h1137

