=LDR  00963cam a22003135i 4500
=001  020492908
=003  Uk
=005  20230105145707.0
=006  m\\\\||\\d\|\\\\\\
=007  cr\|||||||||||
=008  220220s2022\\\\xxk|||||o\\\\||||\||eng\\
=FMT  \\$a  BK
=040  \\$aUk$beng$cUk
=245  00$aArgus Strategy Report: Water-Soluble Ferztillizers.
=264  \1$aLondon, :$bArgus Media group,$c2022.
=300  \\$a1 online resource.
=336  \\$atext$2rdacontent
=337  \\$acomputer$2rdamedia
=338  \\$aonline resource$2rdacarrier
=859  \\$aELD$bebook
=852  \\$aBritish Library$bHMNTS$cDRT$jELD.DS.666965
=CAT  \\$aBATCH-EBKN$b00$c20220220$lBLL01$h0200
=CAT  \\$aEBKS-FXD$c20220220$lBLL01$h0204
=CAT  \\$aBATCH$b00$c20220220$lBLL01$h0204
=CAT  \\$a15190$b40$c20230105$lBLL01$h1457
=DRT  \\$aLD-ebooks
=SRC  \\$aSubmission Portal
=STA  \\$aSUPPRESSED$bRebatched as Serial
=LAS  \\$a15190$b40$c20230105$lBLL01$h1457

