=LDR  01056nam a22003375i 4500
=001  020506119
=003  Uk
=005  20220308142301.0
=006  m\\\\||\\d\|\\\\\\
=007  cr\|||||||||||
=008  220304s2021\\\\xxk|||||o\\\\||||\||eng\\
=FMT  \\$a  BK
=040  \\$aUk$beng$cUk
=245  00$aCitizens Advice Brighton and Hove Annual Report 2020-21.
=264  \1$aBrighton and Hove,$c2021.
=300  \\$a1 online resource.
=336  \\$atext$2rdacontent
=337  \\$acomputer$2rdamedia
=338  \\$aonline resource$2rdacarrier
=720  0\$aCitizens Advice Brighton and Hove
=859  \\$aELD$bebook
=852  \\$aBritish Library$bHMNTS$cDRT$jELD.DS.669841
=CAT  \\$aBATCH-EBKN$b00$c20220304$lBLL01$h0209
=CAT  \\$aEBKS-FXD$c20220304$lBLL01$h0216
=CAT  \\$aBATCH$b00$c20220304$lBLL01$h0217
=CAT  \\$a15020$b40$c20220308$lBLL01$h1422
=CAT  \\$a15020$b40$c20220308$lBLL01$h1423
=DRT  \\$aLD-ebooks
=SRC  \\$aSubmission Portal
=STA  \\$aSUPPRESSED$bRebatched as Serial
=LAS  \\$a15020$b40$c20220308$lBLL01$h1423

