=LDR  00962cam a22003255i 4500
=001  020506122
=003  Uk
=005  20220720113916.0
=006  m\\\\||\\d\|\\\\\\
=007  cr\|||||||||||
=008  220304s2022\\\\xxk|||||o\\\\||||\||eng\\
=FMT  \\$a  BK
=020  \\$a9781913287702
=040  \\$aUk$beng$cUk
=245  00$aNHS in Scotland 2021.
=264  \1$aEdinburgh :$bAudit Scotland,$c2022.
=300  \\$a1 online resource.
=336  \\$atext$2rdacontent
=337  \\$acomputer$2rdamedia
=338  \\$aonline resource$2rdacarrier
=859  \\$aELD$bebook
=852  \\$aBritish Library$bHMNTS$cDRT$jELD.DS.669844
=CAT  \\$aBATCH-EBKN$b00$c20220304$lBLL01$h0209
=CAT  \\$aEBKS-FXD$c20220304$lBLL01$h0216
=CAT  \\$aBATCH$b00$c20220304$lBLL01$h0217
=CAT  \\$a14586$b40$c20220720$lBLL01$h1139
=DRT  \\$aLD-ebooks
=SRC  \\$aSubmission Portal
=STA  \\$aSUPPRESSED$bRebatched as Serial
=LAS  \\$a14586$b40$c20220720$lBLL01$h1139

