=LDR  03897cam a22006851i 4500
=001  020520134
=003  Uk
=005  20221121142210.0
=006  m\\\\||\\d\|\\\\\\
=007  cr\|||||||||||
=008  220310s2022\\\\flu\\\\\o\\\\\000|0|eng|d
=FMT  \\$a  BK
=015  \\$aGBC246348$2bnb
=020  \\$a9781000584561 (ePub ebook) :$c£84.99
=020  \\$z9781032261911 (hbk.) :$c£84.99
=020  \\$a9781000584547 (PDF ebook) :$c£84.99
=020  \\$a9781003287438 (ebook) :$c£84.99
=024  7\$a10.1201/9781003287438$2doi
=037  \\$a9781000584561$bIngram Content Group
=040  \\$aStDuBDS$beng$cStDuBDS$dUk$erda$epn
=042  \\$aukblsr
=082  04$a338.13$223
=100  1\$aAmedzro St-Hilaire, Walter,$eauthor.$1https://isni.org/isni/0000000120360239
=245  10$aAgribusiness economics :$badvances in renewable energy and global sustainability /$cWalter Amedzro St-Hilaire.
=250  \\$a1st
=264  \1$aBoca Raton :$bCRC Press,$c2022.
=300  \\$a1 online resource.
=336  \\$atext$2rdacontent
=337  \\$acomputer$2rdamedia
=338  \\$aonline resource$2rdacarrier
=588  \\$aDescription based on CIP data; resource not viewed.
=505  0\$aThe Food System: State of Play, Trends and Emerging Phenomena. The Challenges of Food. Sobriety and Vegetablisation: Two Axes to Guide the Contemporary Food Transition. Food Transition Impossible Without Strong Development of Legumes. Agriculture and Agribusiness: Examples of Resilient Models in Times of Crisis. Agriculture Globally Placed at the Whole at the Heart of Support and Recovery Measures. Public Policy in Favour of Organic Farming, the Definition of Which Needs to be Clarified. The Organic Farming Policy, Justifications and Achievements. The Development of Organic Farming and the General Objectives of Agricultural Policy: Competition or Complementarity? Diversity and Variability in the Development of Organic Agriculture. Organic Production is Based on a Razor-Thin Business Model. Direct Public Support for Organic Farming: a Necessary Support on the Tightrope. Challenges of Energy Production in the Agricultural Sector: The Energy Field and its Dimensions. From Biomass to Biogas: Methanisation. Uneven Environmental Impacts and Contrasting Returns. Renewable Energy and Agriculture: Expensive Energies, Technologies to be Optimised and Obstacles Linked to Social Acceptability. Sectoral Adaptation Strategies and Resilience Policies. The Biodiesel Industry & Policies: A Clear Interest in Agricultural Sectors. Adapting the Taxation of Biofuels. Conclusion.
=650  \0$aAgriculture$xEconomic aspects.
=650  \0$aRenewable energy sources.
=690  7\$aManagement and Business Studies$2blcoll
=776  08$iPrint version :$z9781032261911
=859  \\$aELD$bebook
=852  \\$aBritish Library$bHMNTS$cDRT$jELD.DS.684557
=CAT  \\$aBATCH-CIPN$b00$c20220315$lBLL01$h1705
=CAT  \\$aBATCH-EBKE$b00$c20220421$lBLL01$h0205
=CAT  \\$aEBKS-FXD$c20220421$lBLL01$h0209
=CAT  \\$aBATCH$b00$c20220421$lBLL01$h0209
=CAT  \\$aBATCH-UPD$b00$c20220421$lBLL01$h0210
=CAT  \\$aBATCH-MBS$c20220503$lBLL01$h0841
=CAT  \\$a11279$b40$c20221121$lBLL01$h1422
=FIN  \\$aY$d20220421
=DRT  \\$aLD-ebooks
=STA  \\$aSUPPRESSED$bTake down request from publisher 3/8/22
=ONS  \7$aTEC$x010000$2bisacsh
=ONS  \\$tAgribusiness$2Subject Keywords
=ONS  \\$tagriculture$2Subject Keywords
=ONS  \\$tagri-food sector$2Subject Keywords
=ONS  \\$tbiodiversity$2Subject Keywords
=ONS  \\$tEconomics$2Subject Keywords
=ONS  \\$tGlobal energy$2Subject Keywords
=ONS  \\$tGlobal sustainability$2Subject Keywords
=ONS  \\$tland productivity$2Subject Keywords
=ONS  \\$tRenewable energy$2Subject Keywords
=ONS  \\$tSustainability$2Subject Keywords
=LAS  \\$a11279$b40$c20221121$lBLL01$h1422

