=LDR  00914cam a22003135i 4500
=001  020529062
=003  Uk
=005  20220720114026.0
=006  m\\\\||\\d\|\\\\\\
=007  cr\|||||||||||
=008  220324s2022\\\\xxk|||||o\\\\||||\||eng\\
=FMT  \\$a  BK
=040  \\$aUk$beng$cUk
=245  00$aPicker Impact Report 2020 - 2021.
=264  \1$c2022.
=300  \\$a1 online resource.
=336  \\$atext$2rdacontent
=337  \\$acomputer$2rdamedia
=338  \\$aonline resource$2rdacarrier
=859  \\$aELD$bebook
=852  \\$aBritish Library$bHMNTS$cDRT$jELD.DS.672337
=CAT  \\$aBATCH-EBKN$b00$c20220324$lBLL01$h0202
=CAT  \\$aEBKS-FXD$c20220324$lBLL01$h0217
=CAT  \\$aBATCH$b00$c20220324$lBLL01$h0219
=CAT  \\$a14586$b40$c20220720$lBLL01$h1140
=DRT  \\$aLD-ebooks
=SRC  \\$aSubmission Portal
=STA  \\$aSUPPRESSED$bRebatched as Serial
=LAS  \\$a14586$b40$c20220720$lBLL01$h1140

