=LDR  02458cam a2200613 i 4500
=001  020547703
=003  Uk
=005  20221020104004.0
=006  m\\\\||\\d\|\\\\\\
=007  cr\|||||||||||
=008  200812s2020\\\\stka\\\\o\\\\f000\0\eng\d
=FMT  \\$a  BK
=015  \\$aGBC268017$2bnb
=020  \\$a9781839609022$qElectronic book (PDF format)
=037  \\$a9781839609022$bNational Library of Scotland
=040  \\$aStEdNL$beng$cStEdNL$dUk$erda
=042  \\$aukblsr
=082  04$a610.69$223
=245  00$aSupport for nursing and midwifery students in Scotland 2020/21.
=264  \1$aEdinburgh :$bThe Scottish Government,$c2020.
=300  \\$a1 online resource (19 pages):$billustrations (colour)
=336  \\$atext$2rdacontent
=337  \\$acomputer$2rdamedia
=338  \\$aonline resource$2rdacarrier
=538  \\$aSystem requirements: Adobe Reader required to view PDF document.
=588  \\$aDescription from online resource; title from PDF caption title (Scottish Government, viewed August 12, 2020)
=500  \\$a"Produced for The Scottish Government by APS Group Scotland."
=500  \\$a"PPDAS748166 (07/20)".
=650  \7$aMedical personnel.$2fast$0(OCoLC)fst01014407
=650  \7$aNursing students.$2fast$0(OCoLC)fst01042135
=650  \7$aNursing$xStudy and teaching.$2fast$0(OCoLC)fst01041833
=650  \7$aMidwifery$xStudy and teaching.$2fast$0(OCoLC)fst01020621
=650  \7$aStudent aid.$2fast$0(OCoLC)fst01432104
=651  \7$aScotland.$2fast$0(OCoLC)fst01206715
=655  \0$aGovernment publications.
=710  1\$aScotland.$bScottish Government,$eissuing body.
=710  2\$aAPS Group Scotland.
=884  \\$aLDL ebooks transformation to marcxml using nls_eb2marc.xsl$g20210325$k9781839609022$qUk
=859  \\$aELD$bebook
=852  \\$aBritish Library$bHMNTS$cDRT$jELD.DS.680590
=CAT  \\$aBATCH-EBKN$b00$c20220407$lBLL01$h0201
=CAT  \\$aBATCH-UPD$b00$c20220407$lBLL01$h0202
=CAT  \\$aEBKS-FXD$c20220407$lBLL01$h0211
=CAT  \\$aBATCH$b00$c20220407$lBLL01$h0212
=CAT  \\$a3391$b40$c20220412$lBLL01$h1909
=CAT  \\$aBATCH-DDC$b00$c20220419$lBLL01$h1704
=CAT  \\$aBATCH$b00$c20220419$lBLL01$h1704
=CAT  \\$a14412$b40$c20221020$lBLL01$h1039
=CAT  \\$a14412$b40$c20221020$lBLL01$h1040
=FIN  \\$aY$d20220419
=DRT  \\$aLD-ebooks
=SRC  \\$aCollection Metadata
=STA  \\$aSUPPRESSED$bRe-batched as Serial
=LAS  \\$a14412$b40$c20221020$lBLL01$h1040

