=LDR  01008cam a22003255i 4500
=001  020547822
=003  Uk
=005  20221202150603.0
=006  m\\\\||\\d\|\\\\\\
=007  cr\|||||||||||
=008  220407s2022\\\\xxk|||||o\\\\||||\||eng\\
=FMT  \\$a  BK
=040  \\$aUk$beng$cUk
=245  00$aUK Logistics Market Trends Update :$bREPORT.
=264  \1$aUK :$bCBRE Research,$c2022.
=300  \\$a1 online resource.
=336  \\$atext$2rdacontent
=337  \\$acomputer$2rdamedia
=338  \\$aonline resource$2rdacarrier
=500  \\$aDated March 2022. Advised to process as mono
=859  \\$aELD$bebook
=852  \\$aBritish Library$bHMNTS$cDRT$jELD.DS.680709
=CAT  \\$aBATCH-EBKN$b00$c20220407$lBLL01$h0201
=CAT  \\$aEBKS-FXD$c20220407$lBLL01$h0211
=CAT  \\$aBATCH$b00$c20220407$lBLL01$h0212
=CAT  \\$a15190$b40$c20221202$lBLL01$h1506
=DRT  \\$aLD-ebooks
=SRC  \\$aSubmission Portal
=STA  \\$aSUPPRESSED$bRebatched as Serial
=LAS  \\$a15190$b40$c20221202$lBLL01$h1506

