=LDR  01060cam a22003375i 4500
=001  020549146
=003  Uk
=005  20220526131929.0
=006  m\\\\||\\d\|\\\\\\
=007  cr\|||||||||||
=008  220409s2022\\\\xxk|||||o\\\\||||\||eng\\
=FMT  \\$a  BK
=020  \\$a9781528632188
=040  \\$aUk$beng$cUk
=245  00$aGovernment's response to the criminal legal aid independent review and consultation on policy proposals.
=264  \1$aUK :$bMinistry of Justice,$c2022.
=300  \\$a1 online resource.
=336  \\$atext$2rdacontent
=337  \\$acomputer$2rdamedia
=338  \\$aonline resource$2rdacarrier
=500  \\$aMarch 2022
=859  \\$aELD$bebook
=852  \\$aBritish Library$bHMNTS$cDRT$jELD.DS.681443
=CAT  \\$aBATCH-EBKN$b00$c20220409$lBLL01$h0201
=CAT  \\$aEBKS-FXD$c20220409$lBLL01$h0208
=CAT  \\$aBATCH$b00$c20220409$lBLL01$h0208
=CAT  \\$a8250$b40$c20220526$lBLL01$h1319
=DRT  \\$aLD-ebooks
=SRC  \\$aSubmission Portal
=STA  \\$aSUPPRESSED$bDuplicate
=LAS  \\$a8250$b40$c20220526$lBLL01$h1319

