=LDR  02242 am a2200589 i 4500
=001  017450797
=003  Uk
=005  20180615091356.0
=006  m\\\\||\\d\|\\\\\\
=007  cr\|||||||||||
=008  150718s2015\\\\enkab\\\o\\\\\000\0\eng\\
=FMT  \\$a  BK
=015  \\$aGBB656342$2bnb
=020  \\$a9781910045121 (ebook)
=040  \\$aUk$beng$cUk$erda
=042  \\$aukblsr
=082  04$a338.2728$223
=110  2\$aDouglas-Westwood (Firm),$eauthor.
=245  10$aWorld oilfield services market forecast 2015-2019 :$bQ1 March 2015 /$cDouglas-Westwood, report authors, Celia Hayes [and three others] ; editor, Rod Westwood.
=264  \1$aFaversham, Kent :$bDouglas-Westwood Limited,$c[2015]
=300  \\$a1 online resource (67 pages) :$billustrations (colour), maps (colour).
=336  \\$atext$2rdacontent
=336  \\$astill image$2rdacontent
=337  \\$acomputer$2rdamedia
=338  \\$aonline resource$2rdacarrier
=490  0\$aDW report ;$vnumber 555.1-15
=650  \0$aOffshore gas field equipment industry$xStatistics.
=650  \0$aOffshore gas field equipment industry$vStatistics.
=650  \0$aOffshore oil field equipment industry$xStatistics.
=650  \0$aOffshore oil field equipment industry$vStatistics.
=650  \0$aOffshore structures$xMaintenance and repair$xStatistics.
=650  \0$aMarket surveys.
=690  7\$aManagement and Business Studies$2blcoll
=700  1\$aHayes, Celia$c(Researcher),$eauthor.
=700  1\$aWestwood, Rod,$eeditor.
=859  \\$aELD$bebook
=852  \\$aBritish Library$bHMNTS$cDRT$jELD.DS.17053
=CAT  \\$aBATCH-EBKN$b00$c20150718$lBLL01$h0218
=CAT  \\$aEBKS-FXD$c20150718$lBLL01$h0221
=CAT  \\$aBATCH$b00$c20150718$lBLL01$h0222
=CAT  \\$a12167$b40$c20160425$lBLL01$h1208
=CAT  \\$a12167$b40$c20160426$lBLL01$h1139
=CAT  \\$a10804$b40$c20160427$lBLL01$h1309
=CAT  \\$aBATCH-MBS$c20160429$lBLL01$h2114
=CAT  \\$a15005$b40$c20180615$lBLL01$h0909
=CAT  \\$a15005$b40$c20180615$lBLL01$h0910
=CAT  \\$a15005$b40$c20180615$lBLL01$h0913
=FIN  \\$aY$d20160425
=DRT  \\$aLD-ebooks
=SRC  \\$aSubmission Portal
=STA  \\$aSUPPRESSED$bRebatched as Serial
=LAS  \\$a15005$b40$c20180615$lBLL01$h0913

