=LDR  01351 am a2200433 i 4500
=001  017494762
=003  Uk
=005  20170811143834.0
=006  m\\\\||\\d\|\\\\\\
=007  cr\|||||||||||
=008  150818s2014\\\\enk\\\\\o\\\\\000\1\eng\\
=FMT  \\$a  BK
=015  \\$aGBB614386$2bnb
=020  \\$a9780957001954 (ePub)
=040  \\$aUk$beng$cUk$erda
=042  \\$aukblsr
=082  04$a823.92$223
=100  1\$aStone, Al$c(Novelist),$eauthor.
=245  10$aBlackout /$cAlecia Stone.
=264  \1$aLondon :$bCentrinian,$c2014.
=300  \\$a1 online resource.
=336  \\$atext$2rdacontent
=337  \\$acomputer$2rdamedia
=338  \\$aonline resource$2rdacarrier
=490  0\$aTalisman of El trilogy ;$vBook 2
=859  \\$aELD$bebook
=852  \\$aBritish Library$bHMNTS$cDRT$jELD.DS.21444
=CAT  \\$aBATCH-EBKN$b00$c20150818$lBLL01$h0220
=CAT  \\$aEBKS-FXD$c20150818$lBLL01$h0227
=CAT  \\$aBATCH$b00$c20150818$lBLL01$h0227
=CAT  \\$a12167$b40$c20160201$lBLL01$h1158
=CAT  \\$a10983$b40$c20170808$lBLL01$h0956
=CAT  \\$a7416$b40$c20170811$lBLL01$h1438
=CAT  \\$aW1711-1225$c20171203$lBLL01$h1056
=FIN  \\$aY$d20160201
=DRT  \\$aLD-ebooks
=SRC  \\$aSubmission Portal
=STA  \\$aSUPPRESSED$bunable to determine reason for suppression
=LAS  \\$aW1711-1225$b00$c20171203$lBLL01$h1056

