=LDR  01434 am a22004335i 4500
=001  017513071
=003  Uk
=005  20190314091519.0
=006  m\\\\||\\d\|\\\\\\
=007  cr\|||||||||||
=008  150818s2015\\\\xxk||||go\\\\||||\||eng\\
=FMT  \\$a  BK
=020  \\$a9781472234537$qEPUB
=020  \\$a1472234537$qEPUB
=037  \\$aHachetteUK532563$bIngram Content Group
=040  \\$aUk$beng$cUk
=100  1\$aBishop, Stephanie,$eauthor.
=245  14$aTHE OTHER SIDE OF THE WORLD: Exclusive Chapter Sampler /$cStephanie Bishop.
=264  \1$aLondon :$bTinder Press,$c2015.
=300  \\$a1 online resource (32 pages).
=336  \\$atext$2rdacontent
=337  \\$acomputer$2rdamedia
=338  \\$aonline resource$2rdacarrier
=859  \\$aELD$bebook
=852  \\$aBritish Library$bHMNTS$cDRT$jELD.DS.25588
=CAT  \\$aBATCH-EBKN$b00$c20150830$lBLL01$h0217
=CAT  \\$aBATCH-UPD$b00$c20150830$lBLL01$h0217
=CAT  \\$aEBKS-FXD$c20150830$lBLL01$h0228
=CAT  \\$aBATCH$b00$c20150830$lBLL01$h0231
=CAT  \\$a7164$b40$c20160606$lBLL01$h1353
=CAT  \\$aW1810-2163$c20190208$lBLL01$h2015
=CAT  \\$a11279$b40$c20190305$lBLL01$h0905
=CAT  \\$a11279$b40$c20190314$lBLL01$h0915
=DRT  \\$aLD-ebooks
=SRC  \\$aIngrams
=STA  \\$aSUPPRESSED$bPromotional sample, not available to the public
=ONX  \\$cDGO
=ONS  \7$aFIC$x000000$2bisacsh
=LAS  \\$a11279$b40$c20190314$lBLL01$h0915

