=LDR  01944 am a2200541 i 4500
=001  017513755
=003  Uk
=005  20160905112440.0
=006  m\\\\||\\d\|\\\\\\
=007  cr\|||||||||||
=008  150819s2015\\\\enkb\\\go\\\\\0|0\1|eng\\
=FMT  \\$a  BK
=015  \\$aGBB6C1986$2bnb
=020  \\$a9781784296995$qEPUB
=020  \\$a1784296996$qEPUB
=037  \\$aHachetteUK529180$bIngram Content Group
=040  \\$aUk$beng$cUk$erda
=042  \\$aukblsr
=082  04$a823.92$223
=100  1\$aHeneage, James,$eauthor.
=245  14$aThe rise of empires chronicles /$cJames Heneage.
=264  \1$aLondon :$bHeron Books,$c[2015]
=300  \\$a1 online resource :$b3 maps (black and white).
=336  \\$atext$2rdacontent
=337  \\$acomputer$2rdamedia
=338  \\$aonline resource$2rdacarrier
=490  0\$a[The Mistra chronicles]
=505  0\$aThe walls of Byzantium -- The towers of Samarcand -- The lion of Mistra.
=651  \0$aTurkey$xHistory$y1288-1453$vFiction.
=700  1\$aHeneage, James.$tWalls of Byzantium.
=700  1\$aHeneage, James.$tTowers of Samarcand.
=700  1\$aHeneage, James.$tLion of Mistra.
=859  \\$aELD$bebook
=852  \\$aBritish Library$bHMNTS$cDRT$jELD.DS.26272
=CAT  \\$aBATCH-EBKN$b00$c20150830$lBLL01$h0219
=CAT  \\$aBATCH-UPD$b00$c20150830$lBLL01$h0220
=CAT  \\$aEBKS-FXD$c20150830$lBLL01$h0228
=CAT  \\$aBATCH$b00$c20150830$lBLL01$h0231
=CAT  \\$a8141$b40$c20160905$lBLL01$h1124
=CAT  \\$aW1711-1225$c20171203$lBLL01$h1056
=FIN  \\$aY$d20160905
=DRT  \\$aLD-ebooks
=SRC  \\$aIngrams
=STA  \\$aSUPPRESSED$bunable to determine reason for suppression
=ONX  \\$cDGO
=ONS  \7$aFV$2bicssc
=ONS  \\$tTamerlane; Rome; Roman Empire; Byzantium; Constantinople; Christian history; Varangian; Mistra Chronicles; fifteenth century; fourteenth century$2Subject Keywords
=LAS  \\$aW1711-1225$b00$c20171203$lBLL01$h1056

