=LDR  01135 am a22003615i 4500
=001  017550849
=003  Uk
=005  20190208201627.0
=006  m\\\\||\\d\|\\\\\\
=007  cr\|||||||||||
=008  150917s2015\\\\xxk|||||o\\\\||||\||eng\\
=FMT  \\$a  BK
=020  \\$a0 5 9 7 7 0 9 5 0 3 3 1 1 4 1
=040  \\$aUk$beng$cUk
=245  00$aClassic Boat May 2015.
=250  \\$a5
=264  \1$aChelsea Magazine Company Ltd :$bChelsea Magazine Company Ltd,$c2015.
=300  \\$a1 online resource.
=336  \\$atext$2rdacontent
=337  \\$acomputer$2rdamedia
=338  \\$aonline resource$2rdacarrier
=720  0\$aChelsea Magazine Company Ltd
=859  \\$aELD$bebook
=852  \\$aBritish Library$bHMNTS$cDRT$jELD.DS.31483
=CAT  \\$aBATCH-EBKN$b00$c20150917$lBLL01$h0223
=CAT  \\$aEBKS-FXD$c20150917$lBLL01$h0232
=CAT  \\$aBATCH$b00$c20150917$lBLL01$h0235
=CAT  \\$a11279$b40$c20160517$lBLL01$h1558
=CAT  \\$aW1810-2163$c20190208$lBLL01$h2016
=DRT  \\$aLD-ebooks
=SRC  \\$aSubmission Portal
=STA  \\$aSUPPRESSED$bIngested as mono in error
=LAS  \\$aW1810-2163$b00$c20190208$lBLL01$h2016

