=LDR  01900 am a2200541 i 4500
=001  018672330
=003  Uk
=005  20210521114740.0
=006  m\\\\||\\d\|\\\\\\
=007  cr\|||||||||||
=008  180108s2017\\\\enka\\\\ob\\\|0|0\0|eng\\
=FMT  \\$a  BK
=015  \\$aGBC011384$2bnb
=020  \\$a9781786554185
=040  \\$aUk$beng$cUk$erda
=042  \\$aukblsr
=082  04$a363.25$223
=245  00$aCrime outcomes in England and Wales :$byear ending March 2017 /$cedited by: Daniel Heap.
=250  \\$aSecond edition.
=264  \1$a[London] :$bHome Office,$cJuly 2017.
=300  \\$a1 online resource (64 pages) :$billustrations (colour).
=336  \\$atext$2rdacontent
=337  \\$acomputer$2rdamedia
=338  \\$aonline resource$2rdacarrier
=490  1\$aStatistical bulletin HOSB,$x1759-7005 ;$v09/17
=504  \\$aIncludes bibliographical references.
=650  \7$aCriminal investigation.$2fast$0(OCoLC)fst00883201
=650  \7$aCriminal statistics.$2fast$0(OCoLC)fst00883500
=651  \7$aEngland.$2fast$0(OCoLC)fst01219920
=651  \7$aWales.$2fast$0(OCoLC)fst01207649
=690  7\$aSocial Welfare$2blcoll
=700  1\$aHeap, Daniel,$eeditor.
=710  1\$aGreat Britain.$bHome Office,$epublisher.
=830  \0$aHome Office statistical bulletin ;$v09/17.
=859  \\$aELD$bebook
=852  \\$aBritish Library$bHMNTS$cDRT$jELD.DS.246394
=CAT  \\$aBATCH-EBKN$b00$c20180108$lBLL01$h0202
=CAT  \\$aEBKS-FXD$c20180108$lBLL01$h0210
=CAT  \\$aBATCH$b00$c20180108$lBLL01$h0211
=CAT  \\$aW1810-2163$c20190208$lBLL01$h2045
=CAT  \\$a8141$b40$c20200128$lBLL01$h1426
=CAT  \\$a8141$b40$c20200129$lBLL01$h1244
=CAT  \\$a10902$b40$c20210521$lBLL01$h1147
=FIN  \\$aY$d20200128
=DRT  \\$aLD-ebooks
=SRC  \\$aSubmission Portal
=STA  \\$aSUPPRESSED$bRe -batched as Serial
=LAS  \\$a10902$b40$c20210521$lBLL01$h1147

