=LDR  01077 am a22003495i 4500
=001  018672348
=003  Uk
=005  20200311153656.0
=006  m\\\\||\\d\|\\\\\\
=007  cr\|||||||||||
=008  180108s2017\\\\xxk|||||o\\\\||||\||eng\\
=FMT  \\$a  BK
=020  \\$a9781786554253
=040  \\$aUk$beng$cUk
=245  00$aSecond report on statistics being collected under the exit checks programme.
=264  \1$bHome Office,$c2017.
=300  \\$a1 online resource.
=336  \\$atext$2rdacontent
=337  \\$acomputer$2rdamedia
=338  \\$aonline resource$2rdacarrier
=500  \\$aSW Portal
=859  \\$aELD$bebook
=852  \\$aBritish Library$bHMNTS$cDRT$jELD.DS.246412
=CAT  \\$aBATCH-EBKN$b00$c20180108$lBLL01$h0202
=CAT  \\$aEBKS-FXD$c20180108$lBLL01$h0210
=CAT  \\$aBATCH$b00$c20180108$lBLL01$h0211
=CAT  \\$aW1810-2163$c20190208$lBLL01$h2045
=CAT  \\$a15005$b40$c20200311$lBLL01$h1536
=DRT  \\$aLD-ebooks
=SRC  \\$aSubmission Portal
=STA  \\$aSUPPRESSED$bRebatched as Serial
=LAS  \\$a15005$b40$c20200311$lBLL01$h1536

