=LDR  01119 am a22003375i 4500
=001  018672400
=003  Uk
=005  20190208204517.0
=006  m\\\\||\\d\|\\\\\\
=007  cr\|||||||||||
=008  180108s2017\\\\xxk|||||o\\\\||||\||eng\\
=FMT  \\$a  BK
=040  \\$aUk$beng$cUk
=245  00$aHousehold Energy Efficiency Statistics :$bBackground quality report.
=264  \1$aLondon :$bDepartment for Business, Energy & Industrial Strategy,$c2017.
=300  \\$a1 online resource.
=336  \\$atext$2rdacontent
=337  \\$acomputer$2rdamedia
=338  \\$aonline resource$2rdacarrier
=859  \\$aELD$bebook
=852  \\$aBritish Library$bHMNTS$cDRT$jELD.DS.246464
=CAT  \\$aBATCH-EBKN$b00$c20180108$lBLL01$h0202
=CAT  \\$aEBKS-FXD$c20180108$lBLL01$h0210
=CAT  \\$aBATCH$b00$c20180108$lBLL01$h0211
=CAT  \\$a15005$b40$c20180704$lBLL01$h1122
=CAT  \\$a15005$b40$c20180704$lBLL01$h1124
=CAT  \\$aW1810-2163$c20190208$lBLL01$h2045
=DRT  \\$aLD-ebooks
=SRC  \\$aSubmission Portal
=STA  \\$aSUPPRESSED$bRebatched as serial
=LAS  \\$aW1810-2163$b00$c20190208$lBLL01$h2045

