=LDR  01101 am a22003255i 4500
=001  018682410
=003  Uk
=005  20200724122724.0
=006  m\\\\||\\d\|\\\\\\
=007  cr\|||||||||||
=008  180116s2016\\\\xxk|||||o\\\\||||\||eng\\
=FMT  \\$a  BK
=040  \\$aUk$beng$cUk
=245  00$aTHE RENEWABLES OBLIGATION FOR 2017/18 :$bCalculating the Level of the Renewables Obligation for 2017/18.
=264  \1$aLondon :$bDepartment for Business, Energy & Industrial Strategy,$c2016.
=300  \\$a1 online resource.
=336  \\$atext$2rdacontent
=337  \\$acomputer$2rdamedia
=338  \\$aonline resource$2rdacarrier
=859  \\$aELD$bebook
=852  \\$aBritish Library$bHMNTS$cDRT$jELD.DS.250604
=CAT  \\$aBATCH-EBKN$b00$c20180116$lBLL01$h0208
=CAT  \\$aEBKS-FXD$c20180116$lBLL01$h0215
=CAT  \\$aBATCH$b00$c20180116$lBLL01$h0215
=CAT  \\$aW1810-2163$c20190208$lBLL01$h2045
=CAT  \\$a15190$b40$c20200724$lBLL01$h1227
=DRT  \\$aLD-ebooks
=SRC  \\$aSubmission Portal
=STA  \\$aSUPPRESSED$bRebatched as Serial
=LAS  \\$a15190$b40$c20200724$lBLL01$h1227

