=LDR  01039 am a22003375i 4500
=001  018685729
=003  Uk
=005  20191003112801.0
=006  m\\\\||\\d\|\\\\\\
=007  cr\|||||||||||
=008  180118s2016\\\\xxk|||||o\\\\||||\||eng\\
=FMT  \\$a  BK
=040  \\$aUk$beng$cUk
=245  00$a2016 UK Climate Finance Results.
=264  \1$aUK :$bHM Government,$c2016.
=300  \\$a1 online resource.
=336  \\$atext$2rdacontent
=337  \\$acomputer$2rdamedia
=338  \\$aonline resource$2rdacarrier
=500  \\$aAdvised by cataloguing to do as mono.
=859  \\$aELD$bebook
=852  \\$aBritish Library$bHMNTS$cDRT$jELD.DS.251319
=CAT  \\$aBATCH-EBKN$b00$c20180118$lBLL01$h0203
=CAT  \\$aEBKS-FXD$c20180118$lBLL01$h0213
=CAT  \\$aBATCH$b00$c20180118$lBLL01$h0214
=CAT  \\$aW1810-2163$c20190208$lBLL01$h2046
=CAT  \\$a10902$b40$c20191003$lBLL01$h1128
=DRT  \\$aLD-ebooks
=SRC  \\$aSubmission Portal
=STA  \\$aSUPPRESSED$bRebatched as Serial
=LAS  \\$a10902$b40$c20191003$lBLL01$h1128

