=LDR  01122 am a22003375i 4500
=001  018685731
=003  Uk
=005  20200721085755.0
=006  m\\\\||\\d\|\\\\\\
=007  cr\|||||||||||
=008  180118s2016\\\\xxk|||||o\\\\||||\||eng\\
=FMT  \\$a  BK
=040  \\$aUk$beng$cUk
=245  00$aEconomic Labour Market Status of Individuals Aged 50 and Over Since 1984 :$bData for 1984 to 2015.
=264  \1$aUK :$bDepartment for Work & Pensions,$c2016.
=300  \\$a1 online resource.
=336  \\$atext$2rdacontent
=337  \\$acomputer$2rdamedia
=338  \\$aonline resource$2rdacarrier
=500  \\$aAdvised by cataloguing to do as mono.
=859  \\$aELD$bebook
=852  \\$aBritish Library$bHMNTS$cDRT$jELD.DS.251321
=CAT  \\$aBATCH-EBKN$b00$c20180118$lBLL01$h0203
=CAT  \\$aEBKS-FXD$c20180118$lBLL01$h0213
=CAT  \\$aBATCH$b00$c20180118$lBLL01$h0214
=CAT  \\$aW1810-2163$c20190208$lBLL01$h2046
=CAT  \\$a14412$b40$c20200721$lBLL01$h0857
=DRT  \\$aLD-ebooks
=SRC  \\$aSubmission Portal
=STA  \\$aSUPPRESSED$bRebatched as Serial
=LAS  \\$a14412$b40$c20200721$lBLL01$h0857

