=LDR  01093 am a22003375i 4500
=001  018695861
=003  Uk
=005  20190208204626.0
=006  m\\\\||\\d\|\\\\\\
=007  cr\|||||||||||
=008  180125s2017\\\\xxk|||||o\\\\||||\||eng\\
=FMT  \\$a  BK
=040  \\$aUk$beng$cUk
=245  00$aSummary of badger control monitoring during 2017.
=264  \1$aUK :$bDepartment for Environment, Food and Rural Affairs,$c2017.
=300  \\$a1 online resource.
=336  \\$atext$2rdacontent
=337  \\$acomputer$2rdamedia
=338  \\$aonline resource$2rdacarrier
=859  \\$aELD$bebook
=852  \\$aBritish Library$bHMNTS$cDRT$jELD.DS.255738
=CAT  \\$aBATCH-EBKN$b00$c20180125$lBLL01$h0205
=CAT  \\$aEBKS-FXD$c20180125$lBLL01$h0214
=CAT  \\$aBATCH$b00$c20180125$lBLL01$h0215
=CAT  \\$a14412$b40$c20180524$lBLL01$h0934
=CAT  \\$a14412$b40$c20180524$lBLL01$h0935
=CAT  \\$aW1810-2163$c20190208$lBLL01$h2046
=DRT  \\$aLD-ebooks
=SRC  \\$aSubmission Portal
=STA  \\$aSUPPRESSED$bRebatched as Serial
=LAS  \\$aW1810-2163$b00$c20190208$lBLL01$h2046

