=LDR  01168 am a22003375i 4500
=001  018696834
=003  Uk
=005  20200204154300.0
=006  m\\\\||\\d\|\\\\\\
=007  cr\|||||||||||
=008  180126s2017\\\\xxk|||||o\\\\||||\||eng\\
=FMT  \\$a  BK
=040  \\$aUk$beng$cUk
=245  00$aSTATISTICS ON ENGLISH COASTAL AND INLAND BATHING WATERS :$bA SUMMARY OF COMPLIANCE WITH THE 2006 BATHING WATER DIRECTIVE.
=264  \1$aLondon :$bDepartment for Environment, Food and Rural Affairs,$c2017.
=300  \\$a1 online resource.
=336  \\$atext$2rdacontent
=337  \\$acomputer$2rdamedia
=338  \\$aonline resource$2rdacarrier
=500  \\$aSTATISTICAL RELEASE 14 November 2017
=859  \\$aELD$bebook
=852  \\$aBritish Library$bHMNTS$cDRT$jELD.DS.256428
=CAT  \\$aBATCH-EBKN$b00$c20180126$lBLL01$h0204
=CAT  \\$aEBKS-FXD$c20180126$lBLL01$h0235
=CAT  \\$aBATCH$b00$c20180126$lBLL01$h0236
=CAT  \\$aW1810-2163$c20190208$lBLL01$h2046
=CAT  \\$a14412$b40$c20200204$lBLL01$h1543
=DRT  \\$aLD-ebooks
=SRC  \\$aSubmission Portal
=STA  \\$aSUPPRESSED$bRebatched as Serial
=LAS  \\$a14412$b40$c20200204$lBLL01$h1543

