=LDR  01011 am a22003255i 4500
=001  018716450
=003  Uk
=005  20190208204642.0
=006  m\\\\||\\d\|\\\\\\
=007  cr\|||||||||||
=008  180130s2014\\\\xxk|||||o\\\\||||\||eng\\
=FMT  \\$a  BK
=040  \\$aUk$beng$cUk
=245  00$aDEATHS IN THE UK REGULAR ARMED FORCES 2013.
=264  \1$aLondon :$bMinistry of Defence,$c2014.
=300  \\$a1 online resource.
=336  \\$atext$2rdacontent
=337  \\$acomputer$2rdamedia
=338  \\$aonline resource$2rdacarrier
=859  \\$aELD$bebook
=852  \\$aBritish Library$bHMNTS$cDRT$jELD.DS.258835
=CAT  \\$aBATCH-EBKN$b00$c20180130$lBLL01$h0201
=CAT  \\$aEBKS-FXD$c20180130$lBLL01$h0208
=CAT  \\$aBATCH$b00$c20180130$lBLL01$h0209
=CAT  \\$a10902$b40$c20180306$lBLL01$h1132
=CAT  \\$aW1810-2163$c20190208$lBLL01$h2046
=DRT  \\$aLD-ebooks
=SRC  \\$aSubmission Portal
=STA  \\$aSUPPRESSED$bRebatched as Serial
=LAS  \\$aW1810-2163$b00$c20190208$lBLL01$h2046

