=LDR  01162 am a22003375i 4500
=001  018720333
=003  Uk
=005  20191220091318.0
=006  m\\\\||\\d\|\\\\\\
=007  cr\|||||||||||
=008  180201s2017\\\\xxk|||||o\\\\||||\||eng\\
=FMT  \\$a  BK
=040  \\$aUk$beng$cUk
=245  00$aUse of Discretionary Housing Payments, England and Wales :$bAnalysis of Returns from Local Authorities April 2017 to September 2017Background information and methodology.
=264  \1$bDepartment for Work & Pensions,$c[2017].
=300  \\$a1 online resource.
=336  \\$atext$2rdacontent
=337  \\$acomputer$2rdamedia
=338  \\$aonline resource$2rdacarrier
=500  \\$aSW Portal
=859  \\$aELD$bebook
=852  \\$aBritish Library$bHMNTS$cDRT$jELD.DS.259415
=CAT  \\$aBATCH-EBKN$b00$c20180201$lBLL01$h0212
=CAT  \\$aEBKS-FXD$c20180201$lBLL01$h0220
=CAT  \\$aBATCH$b00$c20180201$lBLL01$h0221
=CAT  \\$aW1810-2163$c20190208$lBLL01$h2046
=CAT  \\$a15190$b40$c20191220$lBLL01$h0913
=DRT  \\$aLD-ebooks
=SRC  \\$aSubmission Portal
=STA  \\$aSUPPRESSED$bRebatched as Serial
=LAS  \\$a15190$b40$c20191220$lBLL01$h0913

