=LDR  01251 am a22003375i 4500
=001  018727417
=003  Uk
=005  20190306151916.0
=006  m\\\\||\\d\|\\\\\\
=007  cr\|||||||||||
=008  180204s2016\\\\xxk|||||o\\\\||||\||eng\\
=FMT  \\$a  BK
=040  \\$aUk$beng$cUk
=245  00$aSTATEMENT OF THE NUCLEAR DECOMMISSIONING FUNDING ACCOUNT :$bfor the period from 1 April 2015 to 31 March 2016.
=264  \1$aLondon :$bDepartment for Business, Energy & Industrial Strategy,$c2016.
=300  \\$a1 online resource.
=336  \\$atext$2rdacontent
=337  \\$acomputer$2rdamedia
=338  \\$aonline resource$2rdacarrier
=500  \\$aPresented to Parliament pursuant to section 32(5) of the Energy Act 2004 Ordered by The House of Commons to be printed on 15 December 2016
=859  \\$aELD$bebook
=852  \\$aBritish Library$bHMNTS$cDRT$jELD.DS.261280
=CAT  \\$aBATCH-EBKN$b00$c20180204$lBLL01$h0235
=CAT  \\$aEBKS-FXD$c20180204$lBLL01$h0248
=CAT  \\$aBATCH$b00$c20180204$lBLL01$h0250
=CAT  \\$aW1810-2163$c20190208$lBLL01$h2047
=CAT  \\$a8250$b40$c20190306$lBLL01$h1519
=DRT  \\$aLD-ebooks
=SRC  \\$aSubmission Portal
=STA  \\$aSUPPRESSED$bDuplicate.
=LAS  \\$a8250$b40$c20190306$lBLL01$h1519

