=LDR  01073 am a22003255i 4500
=001  018727427
=003  Uk
=005  20190208204705.0
=006  m\\\\||\\d\|\\\\\\
=007  cr\|||||||||||
=008  180204s2018\\\\xxk|||||o\\\\||||\||eng\\
=FMT  \\$a  BK
=040  \\$aUk$beng$cUk
=245  00$aRegional level aggregate farm accounts for England :$bSecond estimate for 2016.
=264  \1$a[UK] :$bDepartment for Environment Food & Rural Affairs,$c2018.
=300  \\$a1 online resource.
=336  \\$atext$2rdacontent
=337  \\$acomputer$2rdamedia
=338  \\$aonline resource$2rdacarrier
=859  \\$aELD$bebook
=852  \\$aBritish Library$bHMNTS$cDRT$jELD.DS.261290
=CAT  \\$aBATCH-EBKN$b00$c20180204$lBLL01$h0235
=CAT  \\$aEBKS-FXD$c20180204$lBLL01$h0248
=CAT  \\$aBATCH$b00$c20180204$lBLL01$h0250
=CAT  \\$a15005$b40$c20181121$lBLL01$h0930
=CAT  \\$aW1810-2163$c20190208$lBLL01$h2047
=DRT  \\$aLD-ebooks
=SRC  \\$aSubmission Portal
=STA  \\$aSUPPRESSED$bRebatched as Serial
=LAS  \\$aW1810-2163$b00$c20190208$lBLL01$h2047

