=LDR  01246 am a22003615i 4500
=001  018749949
=003  Uk
=005  20190208204723.0
=006  m\\\\||\\d\|\\\\\\
=007  cr\|||||||||||
=008  180216s2018\\\\xxk|||||o\\\\||||\||eng\\
=FMT  \\$a  BK
=020  \\$a9781786394057
=040  \\$aUk$beng$cUk
=245  00$aParasites and Pets :$bA Veterinary Nursing Guide.
=264  \1$aWallingford :$bCAB International,$c2018.
=300  \\$a1 online resource.
=336  \\$atext$2rdacontent
=337  \\$acomputer$2rdamedia
=338  \\$aonline resource$2rdacarrier
=500  \\$aThis book, primarily focusing on parasitic diseases of cats and dogs.
=720  0\$aElsheikha, Hany; Wright, Ian; McGarry, John
=859  \\$aELD$bebook
=852  \\$aBritish Library$bHMNTS$cDRT$jELD.DS.263566$qImperfect: ebook display problem.
=CAT  \\$aBATCH-EBKN$b00$c20180216$lBLL01$h0246
=CAT  \\$aEBKS-FXD$c20180216$lBLL01$h0252
=CAT  \\$aBATCH$b00$c20180216$lBLL01$h0253
=CAT  \\$a11279$b40$c20180424$lBLL01$h1410
=CAT  \\$aW1810-2163$c20190208$lBLL01$h2047
=DRT  \\$aLD-ebooks
=SRC  \\$aSubmission Portal
=STA  \\$aSUPPRESSED$bE-content not adequate for display
=LAS  \\$aW1810-2163$b00$c20190208$lBLL01$h2047

