=LDR  02346cam a22006731i 4500
=001  018753775
=003  Uk
=005  20220106145346.0
=006  m\\\\||\\d\|\\\\\\
=007  cr\|||||||||||
=008  180212r20171995flua\\\fo\\\\||||\||eng\\
=FMT  \\$a  BK
=015  \\$aGBB8A5033$2bnb
=020  \\$a9781351464505$qEPUB
=020  \\$a1351464507$qEPUB
=020  \\$z9780873716383$qpaperback
=037  \\$a9781351464505$bIngram Content Group
=040  \\$aUk$beng$cUk
=042  \\$aukblsr
=082  04$a632.3072$219
=100  10$aDhingra, Onkar D.,$eauthor.
=245  10$aBasic plant pathology methods /$cOnkar D. Dhingra, James B. Sinclair.
=246  3\$aPlant pathology methods
=250  \\$aSecond edition, Special Indian edition.
=264  \1$aBoca Raton :$bCRC Press,$c[2017?].
=264  \4$c©1995
=300  \\$a1 online resource :$billustrations.
=336  \\$atext$2rdacontent
=337  \\$acomputer$2rdamedia
=338  \\$aonline resource$2rdacarrier
=500  \\$aOriginally published in print: Boca Raton :Lewis Publishers, 1995.
=650  \0$aPlant diseases$xResearch$xTechnique.
=650  \6$aPlantes$xMaladies et fléaux$xRecherche$xTechnique.
=650  \7$aPlant diseases$xResearch$xTechnique.$2fast$0(OCoLC)fst01065402
=650  \7$aDiagnose.$2gnd
=650  \7$aMethode.$2gnd
=650  \7$aPflanzenkrankheit.$2gnd
=650  \7$aPflanzenschutz.$2gnd
=650  \7$aPhytopathologie.$2gnd
=650  \7$aFitopatologia.$2larpcal
=650  \4$aPlant diseases$xResearch$xtechnique.
=700  1\$aSinclair, J. B.$q(James Burton),$d1927-$eauthor.
=859  \\$aELD$bebook
=852  \\$aBritish Library$bHMNTS$cDRT$jELD.DS.264383
=BUF  1\$aN$d20180611
=CAT  \\$aBATCH-EBKN$b00$c20180218$lBLL01$h0241
=CAT  \\$aBATCH-UPD$b00$c20180218$lBLL01$h0241
=CAT  \\$aEBKS-FXD$c20180218$lBLL01$h0301
=CAT  \\$aBATCH$b00$c20180218$lBLL01$h0306
=CAT  \\$aBATCH-UPEB$b00$c20180611$lBLL01$h1700
=CAT  \\$aBATCH-UPD$b00$c20180611$lBLL01$h1700
=CAT  \\$aW1810-2163$c20190208$lBLL01$h2047
=CAT  \\$a11279$b40$c20220106$lBLL01$h1453
=FIN  \\$aY$d20180611
=DRT  \\$aLD-ebooks
=SRC  \\$aIngrams
=STA  \\$aSUPPRESSED$bE-content not eligible for Non-Print Legal Deposit
=ONS  \7$aSCI$x011000$2bisacsh
=LAS  \\$a11279$b40$c20220106$lBLL01$h1453

