=LDR  01246cam a22003615i 4500
=001  018754219
=003  Uk
=005  20230519151220.0
=006  m\\\\||\\d\|\\\\\\
=007  cr\|||||||||||
=008  180218s2017\\\\xxk|||||o\\\\||||\||eng\\
=FMT  \\$a  BK
=020  \\$a9781786554239
=040  \\$aUk$beng$cUk
=245  00$aOperation of police powers under the Terrorism Act 2000 and subsequent legislation :$bArrests, outcomes, and stop and search, Great Britain, quarterly update to June 2017.
=264  \1$aLondon :$bHome Office,$c2017.
=300  \\$a1 online resource.
=336  \\$atext$2rdacontent
=337  \\$acomputer$2rdamedia
=338  \\$aonline resource$2rdacarrier
=500  \\$aStatistical Bulletin 14/17
=859  \\$aELD$bebook
=852  \\$aBritish Library$bHMNTS$cDRT$jELD.DS.264827
=CAT  \\$aBATCH-EBKN$b00$c20180218$lBLL01$h0242
=CAT  \\$aEBKS-FXD$c20180218$lBLL01$h0302
=CAT  \\$aBATCH$b00$c20180218$lBLL01$h0306
=CAT  \\$aW1810-2163$c20190208$lBLL01$h2047
=CAT  \\$a15190$b40$c20210614$lBLL01$h1554
=CAT  \\$a8874$b40$c20230519$lBLL01$h1512
=DRT  \\$aLD-ebooks
=SRC  \\$aSubmission Portal
=STA  \\$aSUPPRESSED$bRebatched as Serial
=LAS  \\$a8874$b40$c20230519$lBLL01$h1512

