=LDR  01070 am a22003255i 4500
=001  018754230
=003  Uk
=005  20190208204739.0
=006  m\\\\||\\d\|\\\\\\
=007  cr\|||||||||||
=008  180218s2016\\\\xxk|||||o\\\\||||\||eng\\
=FMT  \\$a  BK
=040  \\$aUk$beng$cUk
=245  00$aHousehold Energy Efficiency Statistics :$bBackground quality report.
=264  \1$aLondon :$bDepartment for Business, Energy & Industrial Strategy,$c2016.
=300  \\$a1 online resource.
=336  \\$atext$2rdacontent
=337  \\$acomputer$2rdamedia
=338  \\$aonline resource$2rdacarrier
=859  \\$aELD$bebook
=852  \\$aBritish Library$bHMNTS$cDRT$jELD.DS.264838
=CAT  \\$aBATCH-EBKN$b00$c20180218$lBLL01$h0242
=CAT  \\$aEBKS-FXD$c20180218$lBLL01$h0302
=CAT  \\$aBATCH$b00$c20180218$lBLL01$h0306
=CAT  \\$a15005$b40$c20180704$lBLL01$h1123
=CAT  \\$aW1810-2163$c20190208$lBLL01$h2047
=DRT  \\$aLD-ebooks
=SRC  \\$aSubmission Portal
=STA  \\$aSUPPRESSED$bRebatched as serial
=LAS  \\$aW1810-2163$b00$c20190208$lBLL01$h2047

