=LDR  01143 am a22003495i 4500
=001  018759189
=003  Uk
=005  20200310145355.0
=006  m\\\\||\\d\|\\\\\\
=007  cr\|||||||||||
=008  180221s2018\\\\xxk|||||o\\\\||||\||eng\\
=FMT  \\$a  BK
=020  \\$a9781786556042
=040  \\$aUk$beng$cUk
=245  00$aDetailed analysis of non-fire incidents attended by fire and rescue services, England, April 2016 to March 2017.
=264  \1$bHome Office,$c2018.
=300  \\$a1 online resource.
=336  \\$atext$2rdacontent
=337  \\$acomputer$2rdamedia
=338  \\$aonline resource$2rdacarrier
=500  \\$aStatistical Bulletin 02/18ISSN: 1759-7005
=859  \\$aELD$bebook
=852  \\$aBritish Library$bHMNTS$cDRT$jELD.DS.265698
=CAT  \\$aBATCH-EBKN$b00$c20180221$lBLL01$h0236
=CAT  \\$aEBKS-FXD$c20180221$lBLL01$h0250
=CAT  \\$aBATCH$b00$c20180221$lBLL01$h0251
=CAT  \\$aW1810-2163$c20190208$lBLL01$h2047
=CAT  \\$a8311$b40$c20200310$lBLL01$h1453
=DRT  \\$aLD-ebooks
=SRC  \\$aSubmission Portal
=STA  \\$aSUPPRESSED$bRebatched as Serial
=LAS  \\$a8311$b40$c20200310$lBLL01$h1453

