=LDR  01046 am a22003255i 4500
=001  018760047
=003  Uk
=005  20211006141136.0
=006  m\\\\||\\d\|\\\\\\
=007  cr\|||||||||||
=008  180222s2018\\\\xxk|||||o\\\\||||\||eng\\
=FMT  \\$a  BK
=040  \\$aUk$beng$cUk
=245  00$aGuide to Offender Management Statistics :$bEngland and WalesGuidance Documentation.
=264  \1$aLondon :$bMinistry of Justice,$c2018.
=300  \\$a1 online resource.
=336  \\$atext$2rdacontent
=337  \\$acomputer$2rdamedia
=338  \\$aonline resource$2rdacarrier
=859  \\$aELD$bebook
=852  \\$aBritish Library$bHMNTS$cDRT$jELD.DS.265767
=CAT  \\$aBATCH-EBKN$b00$c20180222$lBLL01$h0216
=CAT  \\$aEBKS-FXD$c20180222$lBLL01$h0220
=CAT  \\$aBATCH$b00$c20180222$lBLL01$h0220
=CAT  \\$aW1810-2163$c20190208$lBLL01$h2047
=CAT  \\$a14412$b40$c20211006$lBLL01$h1411
=DRT  \\$aLD-ebooks
=SRC  \\$aSubmission Portal
=STA  \\$aSUPPRESSED$bRebatched as Serial
=LAS  \\$a14412$b40$c20211006$lBLL01$h1411

