=LDR  01691 am a22004335i 4500
=001  018765026
=003  Uk
=005  20190130151926.0
=006  m\\\\||\\d\|\\\\\\
=007  cr\|||||||||||
=008  180214s2017\\\\nik|||||o||||f||||||eng|d
=FMT  \\$a  BK
=037  \\$aNIOPA_6312$bQueen's University Belfast$nNorthern Ireland Official Publications Repository
=040  \\$aNiBfQU$beng$cNiBfQU$dUk
=110  2\$aHealth and Safety Executive for Northern Ireland,$eauthor.
=245  10$aPlan of Work (Method statement) Aide Memoire.
=250  \\$aRevision: 3.
=264  \1$aNorthern Ireland :$bHealth and Safety Executive for Northern Ireland,$c[2017]
=300  \\$a1 online resource.
=336  \\$atext$2rdacontent
=337  \\$acomputer$2rdamedia
=338  \\$aonline resource$2rdacarrier
=650  \7$aBuilding.$2fast$0(OCoLC)fst00840551.
=650  \7$aPublic safety.$2fast$0(OCoLC)fst01745346.
=651  \7$aNorthern Ireland.$2fast$0(OCoLC)fst01205215.
=655  \0$aGovernment publications.
=884  \\$aLDL ebooks transformation to marcxml using queens_eb2marc.xsl$g20180219$kNIOPA_6312$qUk
=859  \\$aELD$bebook
=852  \\$aBritish Library$bHMNTS$cDRT$jELD.DS.266229
=CAT  \\$aBATCH-EBKN$b00$c20180226$lBLL01$h0230
=CAT  \\$aEBKS-FXD$c20180226$lBLL01$h0237
=CAT  \\$aBATCH$b00$c20180226$lBLL01$h0238
=CAT  \\$a6550$b40$c20180323$lBLL01$h0856
=CAT  \\$a3391$b40$c20181016$lBLL01$h1123
=CAT  \\$aW1810-2165$c20190130$lBLL01$h1519
=DRT  \\$aLD-ebooks
=SRC  \\$aCollection Metadata
=STA  \\$aSUPPRESSED$bDate on document is 2010. Predates NPLD so should not have been sent.
=LAS  \\$aW1810-2165$b00$c20190130$lBLL01$h1519

