=LDR  01366 am a22003495i 4500
=001  018765087
=003  Uk
=005  20190717133538.0
=006  m\\\\||\\d\|\\\\\\
=007  cr\|||||||||||
=008  180226s2017\\\\xxk|||||o\\\\||||\||eng\\
=FMT  \\$a  BK
=040  \\$aUk$beng$cUk
=245  00$aLabour market outlook :$bAutumn 2017Views from employers.
=264  \1$aLondon :$bChartered Institute of Personnel and Development,$c2017.
=300  \\$a1 online resource.
=336  \\$atext$2rdacontent
=337  \\$acomputer$2rdamedia
=338  \\$aonline resource$2rdacarrier
=500  \\$aA quarterly survey report, produced in partnership with the Adecco Group, that provides a set of forward-looking labour market indicators. This report looks at recruitment, redundancy and pay outlooks, job vacancies and wage pressures.
=720  0\$aChartered Institute of Personnel and Development
=859  \\$aELD$bebook
=852  \\$aBritish Library$bHMNTS$cDRT$jELD.DS.266290
=CAT  \\$aBATCH-EBKN$b00$c20180226$lBLL01$h0230
=CAT  \\$aEBKS-FXD$c20180226$lBLL01$h0237
=CAT  \\$aBATCH$b00$c20180226$lBLL01$h0238
=CAT  \\$aW1810-2163$c20190208$lBLL01$h2047
=CAT  \\$a15005$b40$c20190717$lBLL01$h1335
=DRT  \\$aLD-ebooks
=SRC  \\$aSubmission Portal
=STA  \\$aSUPPRESSED$bRebatched as Serial
=LAS  \\$a15005$b40$c20190717$lBLL01$h1335

