=LDR  01158 am a22003255i 4500
=001  018766534
=003  Uk
=005  20190208204800.0
=006  m\\\\||\\d\|\\\\\\
=007  cr\|||||||||||
=008  180227s2017\\\\xxk|||||o\\\\||||\||eng\\
=FMT  \\$a  BK
=040  \\$aUk$beng$cUk
=245  00$aAnnual Business Survey :$bUK non-financial business economy foreign-owned businesses, 2008 to 2015Details of the number and proportion of foreign-owned enterprises in the UK, 2008 to2015.
=264  \1$bOffice for National Statistics,$c[2017].
=300  \\$a1 online resource.
=336  \\$atext$2rdacontent
=337  \\$acomputer$2rdamedia
=338  \\$aonline resource$2rdacarrier
=859  \\$aELD$bebook
=852  \\$aBritish Library$bHMNTS$cDRT$jELD.DS.266920
=CAT  \\$aBATCH-EBKN$b00$c20180227$lBLL01$h0228
=CAT  \\$aEBKS-FXD$c20180227$lBLL01$h0238
=CAT  \\$aBATCH$b00$c20180227$lBLL01$h0239
=CAT  \\$a15005$b40$c20181212$lBLL01$h1045
=CAT  \\$aW1810-2163$c20190208$lBLL01$h2048
=DRT  \\$aLD-ebooks
=SRC  \\$aSubmission Portal
=STA  \\$aSUPPRESSED$bRebatched as Serial
=LAS  \\$aW1810-2163$b00$c20190208$lBLL01$h2048

