=LDR  01094 am a22003495i 4500
=001  018766572
=003  Uk
=005  20190212082744.0
=006  m\\\\||\\d\|\\\\\\
=007  cr\|||||||||||
=008  180227s2016\\\\xxk|||||o\\\\||||\||eng\\
=FMT  \\$a  BK
=020  \\$a9781911375562
=040  \\$aUk$beng$cUk
=245  00$aReport under section 231 of the Banking Act 2009 :$b1 April 2016 to 30 September 2016.
=264  \1$aLondon :$bHM Treasury,$c2016.
=300  \\$a1 online resource.
=336  \\$atext$2rdacontent
=337  \\$acomputer$2rdamedia
=338  \\$aonline resource$2rdacarrier
=500  \\$aPU2019
=859  \\$aELD$bebook
=852  \\$aBritish Library$bHMNTS$cDRT$jELD.DS.266958
=CAT  \\$aBATCH-EBKN$b00$c20180227$lBLL01$h0228
=CAT  \\$aEBKS-FXD$c20180227$lBLL01$h0238
=CAT  \\$aBATCH$b00$c20180227$lBLL01$h0239
=CAT  \\$aW1810-2163$c20190208$lBLL01$h2048
=CAT  \\$a14412$b40$c20190212$lBLL01$h0827
=DRT  \\$aLD-ebooks
=SRC  \\$aSubmission Portal
=STA  \\$aSUPPRESSED$bRebatched as Serial
=LAS  \\$a14412$b40$c20190212$lBLL01$h0827

