=LDR  01050 am a22003495i 4500
=001  018766577
=003  Uk
=005  20190312145436.0
=006  m\\\\||\\d\|\\\\\\
=007  cr\|||||||||||
=008  180227s2016\\\\xxk|||||o\\\\||||\||eng\\
=FMT  \\$a  BK
=020  \\$a9781911375586
=040  \\$aUk$beng$cUk
=245  00$aBasic bank accounts: January to June 2016.
=264  \1$aLondon :$bHM Treasury,$c2016.
=300  \\$a1 online resource.
=336  \\$atext$2rdacontent
=337  \\$acomputer$2rdamedia
=338  \\$aonline resource$2rdacarrier
=500  \\$aPU2024
=859  \\$aELD$bebook
=852  \\$aBritish Library$bHMNTS$cDRT$jELD.DS.266963
=CAT  \\$aBATCH-EBKN$b00$c20180227$lBLL01$h0228
=CAT  \\$aEBKS-FXD$c20180227$lBLL01$h0238
=CAT  \\$aBATCH$b00$c20180227$lBLL01$h0239
=CAT  \\$aW1810-2163$c20190208$lBLL01$h2048
=CAT  \\$a15190$b40$c20190312$lBLL01$h1454
=DRT  \\$aLD-ebooks
=SRC  \\$aSubmission Portal
=STA  \\$aSUPPRESSED$bRebatched as Serial
=LAS  \\$a15190$b40$c20190312$lBLL01$h1454

