=LDR  01180 am a22003735i 4500
=001  018766592
=003  Uk
=005  20190307132805.0
=006  m\\\\||\\d\|\\\\\\
=007  cr\|||||||||||
=008  180227s2016\\\\xxk|||||o\\\\||||\||eng\\
=FMT  \\$a  BK
=020  \\$a9781911375579
=040  \\$aUk$beng$cUk
=245  00$aPrivate Finance Initiative and Private Finance 2 projects :$b2016 summary data.
=264  \1$aLondon :$bHM Treasury,$c2016.
=300  \\$a1 online resource.
=336  \\$atext$2rdacontent
=337  \\$acomputer$2rdamedia
=338  \\$aonline resource$2rdacarrier
=500  \\$aPU2021
=859  \\$aELD$bebook
=852  \\$aBritish Library$bHMNTS$cDRT$jELD.DS.266978
=985  \\$aIngested as mono in error
=CAT  \\$aBATCH-EBKN$b00$c20180227$lBLL01$h0228
=CAT  \\$aEBKS-FXD$c20180227$lBLL01$h0238
=CAT  \\$aBATCH$b00$c20180227$lBLL01$h0239
=CAT  \\$aW1810-2163$c20190208$lBLL01$h2048
=CAT  \\$a10902$b40$c20190307$lBLL01$h1235
=CAT  \\$a10902$b40$c20190307$lBLL01$h1328
=DRT  \\$aLD-ebooks
=SRC  \\$aSubmission Portal
=STA  \\$aSUPPRESSED$bReprocessed as serial
=LAS  \\$a10902$b40$c20190307$lBLL01$h1328

