=LDR  01199 am a22003375i 4500
=001  018782575
=003  Uk
=005  20190208204814.0
=006  m\\\\||\\d\|\\\\\\
=007  cr\|||||||||||
=008  180306s2014\\\\xxk|||||o\\\\||||\||eng\\
=FMT  \\$a  BK
=040  \\$aUk$beng$cUk
=245  00$aEngland Natural Environment Indicators.
=264  \1$aLondon :$bDepartment for Environment Food & Rural Affairs,$c2014.
=300  \\$a1 online resource.
=336  \\$atext$2rdacontent
=337  \\$acomputer$2rdamedia
=338  \\$aonline resource$2rdacarrier
=500  \\$aThis revised version of the England Natural Environment Indicators May 2014, published 28th May, replaces the initial version published on 8th May.
=859  \\$aELD$bebook
=852  \\$aBritish Library$bHMNTS$cDRT$jELD.DS.268206
=CAT  \\$aBATCH-EBKN$b00$c20180306$lBLL01$h0213
=CAT  \\$aEBKS-FXD$c20180306$lBLL01$h0219
=CAT  \\$aBATCH$b00$c20180306$lBLL01$h0220
=CAT  \\$a14412$b40$c20180504$lBLL01$h1036
=CAT  \\$aW1810-2163$c20190208$lBLL01$h2048
=DRT  \\$aLD-ebooks
=SRC  \\$aSubmission Portal
=STA  \\$aSUPPRESSED$bRebatched as Serial
=LAS  \\$aW1810-2163$b00$c20190208$lBLL01$h2048

