=LDR  02843cam a2200565 i 4500
=001  018790185
=003  Uk
=005  20220111134528.0
=006  m\\\\||\\d\|\\\\\\
=007  cr\|||||||||||
=008  180306s2017\\\\ii\a|||fob\\\|||1\||eng\\
=FMT  \\$a  BK
=015  \\$aGBB9G5610$2bnb
=020  \\$a9788131247235$qPDF
=020  \\$a8131247236$qPDF
=020  \\$z9780323377317$qpaperback
=037  \\$a9788131247235$bIngram Content Group
=040  \\$aUk$beng$cUk$erda
=042  \\$aukblcatcopy
=082  00$a615.854$223
=100  1\$aNix, Staci,$eauthor.
=245  10$aWilliams' basic nutrition and diet therapy /$cStaci Nix.
=246  1\$aBasic nutrition and diet therapy
=250  \\$aFirst South Asia edition.
=264  \1$aNew Delhi :$bElsevier India,$c[2017]
=300  \\$a1 online resource (xix, 507 pages) :$billustrations
=336  \\$atext$2rdacontent
=337  \\$acomputer$2rdamedia
=338  \\$aonline resource$2rdacarrier
=504  \\$aIncludes bibliographical references and index.
=505  0\$a<p>PART I INTRODUCTION TO BASIC PRINCIPLES OF NUTRITION SCIENCE</p> <p>1 Food, Nutrition, and Health</p> <p>2 Carbohydrates</p> <p>3 Fats</p> <p>4 Proteins</p> <p>5 Digestion, Absorption, and Metabolism</p> <p>6 Energy Balance</p> <p>7 Vitamins</p> <p>8 Minerals</p> <p>9 Water and Electrolyte Balance</p> <p>PART 2 NUTRITION THROUGHOUT THE LIFE CYCLE</p> <p>10 Nutrition during Pregnancy and Lactation</p> <p>11 Nutrition during Infancy, Childhood, and Adolescence</p> <p>12 Nutrition for Adults: The Early, Middle, and Later Years</p> <p>PART 3 COMMUNITY NUTRITION AND HEALTH CARE</p> <p>13 Community Food Supply and Health</p> <p>14 Food Habits and Cultural Patterns</p> <p>15 Weight Management</p> <p>16 Nutrition and Physical Fitness</p> <p>PART 4 CLINICAL NUTRITION</p> <p>17 Nutrition Care</p> <p>18 Gastrointestinal and Accessory Organ Problems</p> <p>19 Coronary Heart Disease and Hypertension</p> <p>20 Diabetes Mellitus</p> <p>21 Kidney Disease</p> <p>22 Surgery and Nutrition Support</p> <p>23 Nutrition Support in Cancer and HIV</p>
=650  \0$aDiet therapy.
=650  \0$aNutrition.
=650  \0$aNursing.
=859  \\$aELD$bebook
=852  \\$aBritish Library$bHMNTS$cDRT$jELD.DS.269505
=CAT  \\$aBATCH-EBKN$b00$c20180309$lBLL01$h0206
=CAT  \\$aBATCH-UPD$b00$c20180309$lBLL01$h0206
=CAT  \\$aEBKS-FXD$c20180309$lBLL01$h0214
=CAT  \\$aBATCH$b00$c20180309$lBLL01$h0214
=CAT  \\$aW1810-2163$c20190208$lBLL01$h2048
=CAT  \\$a10883$b40$c20191003$lBLL01$h0959
=CAT  \\$a7183$b40$c20220111$lBLL01$h1345
=FIN  \\$aY$d20191003
=DRT  \\$aLD-ebooks
=SRC  \\$aIngrams
=STA  \\$aSUPPRESSED$bE-content not eligible for Non-Print Legal Deposit
=ONX  \\$aIN
=ONS  \7$aMED$x058150$2bisacsh
=LAS  \\$a7183$b40$c20220111$lBLL01$h1345

