=LDR  01651 am a22003975i 4500
=001  018791673
=003  Uk
=005  20190130151927.0
=006  m\\\\||\\d\|\\\\\\
=007  cr\|||||||||||
=008  180305s2016\\\\nik|||||o||||f||||||eng|d
=FMT  \\$a  BK
=037  \\$aNIOPA_6488$bQueen's University Belfast$nNorthern Ireland Official Publications Repository
=040  \\$aNiBfQU$beng$cNiBfQU$dUk
=110  1\$aNorthern Ireland.$bDepartment of Agriculture, Environment and Rural Affairs,$eauthor.
=245  10$a2016 cross-compliance intentional penalty matrix.
=264  \1$aNorthern Ireland :$bDepartment of Agriculture, Environment and Rural Affairs,$c2016.
=300  \\$a1 online resource.
=336  \\$atext$2rdacontent
=337  \\$acomputer$2rdamedia
=338  \\$aonline resource$2rdacarrier
=650  \7$aAgriculture.$2fast$0(OCoLC)fst00801355.
=651  \7$aNorthern Ireland.$2fast$0(OCoLC)fst01205215.
=655  \0$aGovernment publications.
=884  \\$aLDL ebooks transformation to marcxml using queens_eb2marc.xsl$g20180307$kNIOPA_6488$qUk
=859  \\$aELD$bebook
=852  \\$aBritish Library$bHMNTS$cDRT$jELD.DS.269868
=CAT  \\$aBATCH-EBKN$b00$c20180310$lBLL01$h0206
=CAT  \\$aEBKS-FXD$c20180310$lBLL01$h0210
=CAT  \\$aBATCH$b00$c20180310$lBLL01$h0210
=CAT  \\$a6550$b40$c20180323$lBLL01$h0859
=CAT  \\$aW1810-2165$c20190130$lBLL01$h1519
=DRT  \\$aLD-ebooks
=SRC  \\$aCollection Metadata
=STA  \\$aSUPPRESSED$bThis document is meaningless on its own, without additional information that appears on the govt dept website landing page.
=LAS  \\$aW1810-2165$b00$c20190130$lBLL01$h1519

