=LDR  01009 am a22003255i 4500
=001  018803296
=003  Uk
=005  20190208204857.0
=006  m\\\\||\\d\|\\\\\\
=007  cr\|||||||||||
=008  180319s2013\\\\xxk|||||o\\\\||||\||eng\\
=FMT  \\$a  BK
=040  \\$aUk$beng$cUk
=245  00$aMonitoring and Evaluation Programme.
=264  \1$aLondon :$bDepartment for Transport,$c2013.
=300  \\$a1 online resource.
=336  \\$atext$2rdacontent
=337  \\$acomputer$2rdamedia
=338  \\$aonline resource$2rdacarrier
=859  \\$aELD$bebook
=852  \\$aBritish Library$bHMNTS$cDRT$jELD.DS.271842
=CAT  \\$aBATCH-EBKN$b00$c20180319$lBLL01$h0228
=CAT  \\$aEBKS-FXD$c20180319$lBLL01$h0238
=CAT  \\$aBATCH$b00$c20180319$lBLL01$h0239
=CAT  \\$a14586$b40$c20180522$lBLL01$h1407
=CAT  \\$aW1810-2163$c20190208$lBLL01$h2048
=DRT  \\$aLD-ebooks
=SRC  \\$aSubmission Portal
=STA  \\$aSUPPRESSED$bRebatched as Serial
=LAS  \\$aW1810-2163$b00$c20190208$lBLL01$h2048

