=LDR  01127 am a22003375i 4500
=001  018817421
=003  Uk
=005  20200721085320.0
=006  m\\\\||\\d\|\\\\\\
=007  cr\|||||||||||
=008  180330s2017\\\\xxk|||||o\\\\||||\||eng\\
=FMT  \\$a  BK
=040  \\$aUk$beng$cUk
=245  00$aEconomic labour market status of individuals aged 50 and over, trends over time :$bSeptember 2017 (experimental).
=264  \1$aUK :$bDepartment for Work & Pensions,$c2017.
=300  \\$a1 online resource.
=336  \\$atext$2rdacontent
=337  \\$acomputer$2rdamedia
=338  \\$aonline resource$2rdacarrier
=500  \\$aAdvised to process as mono.
=859  \\$aELD$bebook
=852  \\$aBritish Library$bHMNTS$cDRT$jELD.DS.273946
=CAT  \\$aBATCH-EBKN$b00$c20180330$lBLL01$h0216
=CAT  \\$aEBKS-FXD$c20180330$lBLL01$h0221
=CAT  \\$aBATCH$b00$c20180330$lBLL01$h0222
=CAT  \\$aW1810-2163$c20190208$lBLL01$h2049
=CAT  \\$a14412$b40$c20200721$lBLL01$h0853
=DRT  \\$aLD-ebooks
=SRC  \\$aSubmission Portal
=STA  \\$aSUPPRESSED$bRebatched as Serial
=LAS  \\$a14412$b40$c20200721$lBLL01$h0853

