=LDR  01125 am a22003495i 4500
=001  018818497
=003  Uk
=005  20190208204940.0
=006  m\\\\||\\d\|\\\\\\
=007  cr\|||||||||||
=008  180331s2017\\\\xxk|||||o\\\\||||\||eng\\
=FMT  \\$a  BK
=020  \\$a9780995602724
=040  \\$aUk$beng$cUk
=245  00$aLiving in Spain and the Canary Islands.
=264  \1$aUK :$bThe Canary Islander Publishing,$c2017.
=300  \\$a1 online resource.
=336  \\$atext$2rdacontent
=337  \\$acomputer$2rdamedia
=338  \\$aonline resource$2rdacarrier
=720  0\$aBarrie Mahoney
=859  \\$aELD$bebook
=852  \\$aBritish Library$bHMNTS$cDRT$jELD.DS.274739$qImperfect: ebook display problem.
=CAT  \\$aBATCH-EBKN$b00$c20180331$lBLL01$h0213
=CAT  \\$aEBKS-FXD$c20180331$lBLL01$h0217
=CAT  \\$aBATCH$b00$c20180331$lBLL01$h0218
=CAT  \\$a11279$b40$c20181213$lBLL01$h1638
=CAT  \\$aW1810-2163$c20190208$lBLL01$h2049
=DRT  \\$aLD-ebooks
=SRC  \\$aSubmission Portal
=STA  \\$aSUPPRESSED$bE-content not adequate for display
=LAS  \\$aW1810-2163$b00$c20190208$lBLL01$h2049

