=LDR  01097 am a22003255i 4500
=001  018826604
=003  Uk
=005  20190208204958.0
=006  m\\\\||\\d\|\\\\\\
=007  cr\|||||||||||
=008  180409s2018\\\\xxk|||||o\\\\||||\||eng\\
=FMT  \\$a  BK
=040  \\$aUk$beng$cUk
=245  00$aChild maintenance arrangements made after speaking to Child Maintenance Options :$bBackground information and methodology.
=264  \1$aUK :$bDepartment for Work & Pensions,$c2018.
=300  \\$a1 online resource.
=336  \\$atext$2rdacontent
=337  \\$acomputer$2rdamedia
=338  \\$aonline resource$2rdacarrier
=859  \\$aELD$bebook
=852  \\$aBritish Library$bHMNTS$cDRT$jELD.DS.276730
=CAT  \\$aBATCH-EBKN$b00$c20180409$lBLL01$h0213
=CAT  \\$aEBKS-FXD$c20180409$lBLL01$h0219
=CAT  \\$aBATCH$b00$c20180409$lBLL01$h0219
=CAT  \\$a14412$b40$c20180606$lBLL01$h0920
=CAT  \\$aW1810-2163$c20190208$lBLL01$h2049
=DRT  \\$aLD-ebooks
=SRC  \\$aSubmission Portal
=STA  \\$aSUPPRESSED$bRebatched as Serial
=LAS  \\$aW1810-2163$b00$c20190208$lBLL01$h2049

