=LDR  01002 am a22003135i 4500
=001  018833783
=003  Uk
=005  20180619141207.0
=006  m\\\\||\\d\|\\\\\\
=007  cr\|||||||||||
=008  180412s2017\\\\xxk|||||o\\\\||||\||eng\\
=FMT  \\$a  BK
=040  \\$aUk$beng$cUk
=245  00$aOpen Government Partnership National Action Plan 2016-18 :$bMid-term Self Assessment Report.
=264  \1$aU.K. :$b[Cabinet Office],$c[2017].
=300  \\$a1 online resource.
=336  \\$atext$2rdacontent
=337  \\$acomputer$2rdamedia
=338  \\$aonline resource$2rdacarrier
=859  \\$aELD$bebook
=852  \\$aBritish Library$bHMNTS$cDRT$jELD.DS.276919
=CAT  \\$aBATCH-EBKN$b00$c20180412$lBLL01$h0200
=CAT  \\$aEBKS-FXD$c20180412$lBLL01$h0218
=CAT  \\$aBATCH$b00$c20180412$lBLL01$h0218
=CAT  \\$a14412$b40$c20180619$lBLL01$h1412
=DRT  \\$aLD-ebooks
=SRC  \\$aSubmission Portal
=STA  \\$aSUPPRESSED$bRebatched as Serial
=LAS  \\$a14412$b40$c20180619$lBLL01$h1412

