=LDR  01027 am a22003255i 4500
=001  018840042
=003  Uk
=005  20191002131800.0
=006  m\\\\||\\d\|\\\\\\
=007  cr\|||||||||||
=008  180419s2018\\\\xxk|||||o\\\\||||\||eng\\
=FMT  \\$a  BK
=040  \\$aUk$beng$cUk
=245  00$aThe Future Farming and Environment Evidence Compendium.
=264  \1$a[UK] :$bDepartment for Environment, Food and Rural Affairs,$c2018.
=300  \\$a1 online resource.
=336  \\$atext$2rdacontent
=337  \\$acomputer$2rdamedia
=338  \\$aonline resource$2rdacarrier
=500  \\$aFebruary 2018
=859  \\$aELD$bebook
=852  \\$aBritish Library$bHMNTS$cDRT$jELD.DS.278097
=CAT  \\$aBATCH-EBKN$b00$c20180419$lBLL01$h0216
=CAT  \\$aEBKS-FXD$c20180419$lBLL01$h0225
=CAT  \\$aBATCH$b00$c20180419$lBLL01$h0225
=CAT  \\$a11450$b40$c20191002$lBLL01$h1318
=DRT  \\$aLD-ebooks
=SRC  \\$aSubmission Portal
=STA  \\$aSUPPRESSED$bRebatched as Serial
=LAS  \\$a11450$b40$c20191002$lBLL01$h1318

