=LDR  01234 am a22003615i 4500
=001  018842060
=003  Uk
=005  20181108140809.0
=006  m\\\\||\\d\|\\\\\\
=007  cr\|||||||||||
=008  180421s2018\\\\xxk|||||o\\\\||||\||eng\\
=FMT  \\$a  BK
=020  \\$a9780952737742
=040  \\$aUk$beng$cUk
=245  00$aOccupational pensions :$ba bridge between social class before and after labour market exit?
=264  \1$aLondon :$bUCL,$c2018.
=300  \\$a1 online resource.
=336  \\$atext$2rdacontent
=337  \\$acomputer$2rdamedia
=338  \\$aonline resource$2rdacarrier
=720  0\$aGlickman, Myer
=859  \\$aELD$bebook
=852  \\$aBritish Library$bHMNTS$cDRT$jELD.DS.278285$qImperfect: incorrect version sent.
=985  \\$aWrong version of report deposited, replacement sent - 018848754 (AG)
=CAT  \\$aBATCH-EBKN$b00$c20180421$lBLL01$h0215
=CAT  \\$aEBKS-FXD$c20180421$lBLL01$h0224
=CAT  \\$aBATCH$b00$c20180421$lBLL01$h0225
=CAT  \\$a11279$b40$c20180424$lBLL01$h1210
=CAT  \\$a11279$b40$c20181108$lBLL01$h1408
=DRT  \\$aLD-ebooks
=SRC  \\$aSubmission Portal
=STA  \\$aSUPPRESSED$bE-content not adequate for display
=LAS  \\$a11279$b40$c20181108$lBLL01$h1408

