=LDR  01006 am a22003135i 4500
=001  018850819
=003  Uk
=005  20191023093104.0
=006  m\\\\||\\d\|\\\\\\
=007  cr\|||||||||||
=008  180430s2018\\\\xxk|||||o\\\\||||\||eng\\
=FMT  \\$a  BK
=040  \\$aUk$beng$cUk
=245  00$aPrescribed Specialised Services Advisory Group :$bRecommendations to Ministers.
=264  \1$aLondon :$bDepartment of Health & Social Care,$c2018.
=300  \\$a1 online resource.
=336  \\$atext$2rdacontent
=337  \\$acomputer$2rdamedia
=338  \\$aonline resource$2rdacarrier
=859  \\$aELD$bebook
=852  \\$aBritish Library$bHMNTS$cDRT$jELD.DS.280578
=CAT  \\$aBATCH-EBKN$b00$c20180430$lBLL01$h0212
=CAT  \\$aEBKS-FXD$c20180430$lBLL01$h0222
=CAT  \\$aBATCH$b00$c20180430$lBLL01$h0222
=CAT  \\$a15005$b40$c20191023$lBLL01$h0931
=DRT  \\$aLD-ebooks
=SRC  \\$aSubmission Portal
=STA  \\$aSUPPRESSED$bRebached as Serial
=LAS  \\$a15005$b40$c20191023$lBLL01$h0931

