=LDR  00986 am a22003135i 4500
=001  018851541
=003  Uk
=005  20200925143645.0
=006  m\\\\||\\d\|\\\\\\
=007  cr\|||||||||||
=008  180501s2012\\\\xxk|||||o\\\\||||\||eng\\
=FMT  \\$a  BK
=040  \\$aUk$beng$cUk
=245  00$aRail passenger numbers and crowding statistics :$bUser feedback.
=264  \1$a[London] :$bDepartment for Transport,$c[2012].
=300  \\$a1 online resource.
=336  \\$atext$2rdacontent
=337  \\$acomputer$2rdamedia
=338  \\$aonline resource$2rdacarrier
=859  \\$aELD$bebook
=852  \\$aBritish Library$bHMNTS$cDRT$jELD.DS.280744
=CAT  \\$aBATCH-EBKN$b00$c20180501$lBLL01$h0215
=CAT  \\$aEBKS-FXD$c20180501$lBLL01$h0223
=CAT  \\$aBATCH$b00$c20180501$lBLL01$h0223
=CAT  \\$a10902$b40$c20200925$lBLL01$h1436
=DRT  \\$aLD-ebooks
=SRC  \\$aSubmission Portal
=STA  \\$aSUPPRESSED$bRebatched as Serial
=LAS  \\$a10902$b40$c20200925$lBLL01$h1436

