=LDR  03019aam a22006251i 4500
=001  018867898
=003  Uk
=005  20190306090804.0
=006  m\\\\||\\d\|\\\\\\
=007  cr\|||||||||||
=008  180510s2016\\\\xxk|||||o\\\\||||\||eng\\
=FMT  \\$a  BK
=015  \\$aGBB895809$2bnb
=020  \\$a9781137430342$qElectronic book (EPUB format)
=020  \\$z9781137430359$qprint
=037  \\$acom.springer.onix.9781137430342$bSpringer Nature
=040  \\$aUk$beng$cUk
=042  \\$aukblsr
=082  04$a658.022$223
=100  1\$aBurns, Paul,$d1949-$eauthor.
=245  10$aEntrepreneurship and small business :$bstart-up, growth and maturity /$cPaul Burns.
=250  \\$aFourth edition.
=264  \1$aLondon :$bPalgrave,$c2016.
=264  \4$c©2016
=300  \\$a1 online resource (584 pages).
=336  \\$atext$2rdacontent
=337  \\$acomputer$2rdamedia
=338  \\$aonline resource$2rdacarrier
=505  0\$aPARTI: ENTREPRENEURSHIP.- 1. Entrepreneurship: The Social and Business Revolution.- 2. The Economics of Entrepreneurship and Public Policy.- 3. The Entrepreneurial Character.- 4. Discovering a Business Idea.- 5. Researching and Evaluating the Business Idea.- PARTII: START-UP.- 6. Start-up: Developing Your Business Model.- 7. Adding Values to the Business Model.- 8. Launching the Business.- 9. Legal Foundations.- 10. Operations and Risk.- 11. Financial Management.- PARTIII: GROWTH.- 12. Growth: Building the Foundations.- 13. Strategies for Growth.- 14. Financing the Business.- 15. From Business Model to Business Plan.- PARTIV: MATURITY.- 16. Maturity: Success and Failure.- 17. Family Business.- 18. From Entrepreneur to Entrepreneurial Leader.- 19. Corporate Entrepreneurship.
=650  \0$aBusiness.
=650  \0$aSmall business$zGreat Britain$xManagement.
=650  \0$aEntrepreneurship$zGreat Britain.
=650  \0$aNew business enterprises$zGreat Britain.
=650  \0$aManagement science.
=650  \0$aSmall business.
=650  \7$aBusiness & Economics$xSmall Business.$2bisacsh
=650  \7$aSmall businesses & self-employed.$2bicssc
=690  7\$aManagement and Business Studies$2blcoll
=859  \\$aELD$bebook
=884  \\$aLDL ebooks ONIX to marcxml transformation using Record_Load-eBooks_Legal_Deposit_onix2marc_v2-1.xsl$g20180510$kcom.springer.onix.9781137430342$qUk
=852  \\$aBritish Library$bHMNTS$cDRT$jELD.DS.284459$qImperfect: ebook display problem.
=BUF  1\$aN$d20180528
=CAT  \\$aBATCH-EBKN$b00$c20180513$lBLL01$h0201
=CAT  \\$aEBKS-FXD$c20180513$lBLL01$h0209
=CAT  \\$aBATCH$b00$c20180513$lBLL01$h0210
=CAT  \\$aBATCH-UPEB$b00$c20180528$lBLL01$h1700
=CAT  \\$aBATCH-MBS$c20180601$lBLL01$h2105
=CAT  \\$a11279$b40$c20190306$lBLL01$h0908
=FIN  \\$aY$d20180528
=DRT  \\$aLD-ebooks
=SRC  \\$aCollection Metadata
=STA  \\$aSUPPRESSED$bE-content not adequate for display
=ONS  \7$aBUS$x060000$2bisacsh
=ONS  \7$aKJVS$2bicssc
=LAS  \\$a11279$b40$c20190306$lBLL01$h0908

