=LDR  01749 am a22004335i 4500
=001  018871711
=003  Uk
=005  20190130151928.0
=006  m\\\\||\\d\|\\\\\\
=007  cr\|||||||||||
=008  180420s2017\\\\nik|||||o||||f||||||eng|d
=FMT  \\$a  BK
=037  \\$aNIOPA_6841$bQueen's University Belfast$nNorthern Ireland Official Publications Repository
=040  \\$aNiBfQU$beng$cNiBfQU$dUk
=110  1\$aNorthern Ireland.$bDepartment of Health,$eauthor.
=245  10$aEquality Screening, Disability Duties and Human Rights Assessment Template :$bPFG Delivery Plan - Indicators 2,3,4 & 7.
=264  \1$aNorthern Ireland :$bDepartment of Health,$c2017.
=300  \\$a1 online resource.
=336  \\$atext$2rdacontent
=337  \\$acomputer$2rdamedia
=338  \\$aonline resource$2rdacarrier
=650  \7$aHealth.$2fast$0(OCoLC)fst00952743.
=650  \7$aMedical care.$2fast$0(OCoLC)fst01013753.
=650  \7$aNational health services.$2fast$0(OCoLC)fst01033565.
=650  \7$aPublic health.$2fast$0(OCoLC)fst01082238.
=651  \7$aNorthern Ireland.$2fast$0(OCoLC)fst01205215.
=655  \0$aGovernment publications.
=884  \\$aLDL ebooks transformation to marcxml using queens_eb2marc.xsl$g20180515$kNIOPA_6841$qUk
=859  \\$aELD$bebook
=852  \\$aBritish Library$bHMNTS$cDRT$jELD.DS.285300
=CAT  \\$aBATCH-EBKN$b00$c20180518$lBLL01$h0206
=CAT  \\$aEBKS-FXD$c20180518$lBLL01$h0211
=CAT  \\$aBATCH$b00$c20180518$lBLL01$h0212
=CAT  \\$a6550$b40$c20180604$lBLL01$h1120
=CAT  \\$aW1810-2165$c20190130$lBLL01$h1519
=DRT  \\$aLD-ebooks
=SRC  \\$aCollection Metadata
=STA  \\$aSUPPRESSED$bSuppressed by MQ at request of Patrick Casey
=LAS  \\$aW1810-2165$b00$c20190130$lBLL01$h1519

