=LDR  01939 am a22004575i 4500
=001  018871935
=003  Uk
=005  20190130151928.0
=006  m\\\\||\\d\|\\\\\\
=007  cr\|||||||||||
=008  180420s2017\\\\nik|||||o||||f||||||eng|d
=FMT  \\$a  BK
=020  \\$a9781848077232$qElectronic book (PDF format)
=037  \\$aNIOPA_6768$bQueen's University Belfast$nNorthern Ireland Official Publications Repository
=040  \\$aNiBfQU$beng$cNiBfQU$dUk
=110  1\$aNorthern Ireland.$bDepartment of Agriculture, Environment and Rural Affairs,$eauthor.
=245  10$aFarm Business Improvement Scheme - Capital Tier 2 (Tranche 1).$pExplanatory Booklet.
=264  \1$aNorthern Ireland :$bDepartment of Agriculture, Environment and Rural Affairs,$c[2017]
=300  \\$a1 online resource.
=336  \\$atext$2rdacontent
=337  \\$acomputer$2rdamedia
=338  \\$aonline resource$2rdacarrier
=500  \\$aAt head of title: Rural Development Programme 2014-2020.
=650  \7$aRural development.$2fast$0(OCoLC)fst01101498
=651  \7$aNorthern Ireland.$2fast$0(OCoLC)fst01205215
=655  \0$aGovernment publications.
=710  2\$aNorthern Ireland Rural Development Programme.
=884  \\$aLDL ebooks transformation to marcxml using queens_eb2marc.xsl$g20180515$kNIOPA_6768$qUk
=859  \\$aELD$bebook
=852  \\$aBritish Library$bHMNTS$cDRT$jELD.DS.285524
=985  \\$aResubmitted eBook record match on ISBN to existing record 018565491
=CAT  \\$aBATCH-EBKN$b00$c20180518$lBLL01$h0208
=CAT  \\$aEBKS-FXD$c20180518$lBLL01$h0212
=CAT  \\$aBATCH$b00$c20180518$lBLL01$h0212
=CAT  \\$a3391$b40$c20180524$lBLL01$h1333
=CAT  \\$a6550$b40$c20180604$lBLL01$h1122
=CAT  \\$aW1810-2165$c20190130$lBLL01$h1519
=DRT  \\$aLD-ebooks
=SRC  \\$aCollection Metadata
=STA  \\$aSUPPRESSED$bSuppressed by MQ at request of Patrick Casey
=LAS  \\$aW1810-2165$b00$c20190130$lBLL01$h1519

