=LDR  01565 am a22003975i 4500
=001  018872470
=003  Uk
=005  20190130151928.0
=006  m\\\\||\\d\|\\\\\\
=007  cr\|||||||||||
=008  180514s2017\\\\nik|||||o||||f||||||eng|d
=FMT  \\$a  BK
=037  \\$aNIOPA_6912$bQueen's University Belfast$nNorthern Ireland Official Publications Repository
=040  \\$aNiBfQU$beng$cNiBfQU$dUk
=110  1\$aNorthern Ireland.$bDepartment for Communities,$eauthor.
=245  10$aAlbert Street & Cullingtree Road Environmental Improvement Scheme :$bOption 1$ppresentation board 2.
=264  \1$aBelfast :$bDepartment for Communities,$c2017.
=300  \\$a1 online resource.
=336  \\$atext$2rdacontent
=337  \\$acomputer$2rdamedia
=338  \\$aonline resource$2rdacarrier
=650  \7$aCity planning.$2fast$0(OCoLC)fst00862177.
=651  \7$aNorthern Ireland$zBelfast.$2fast$0(OCoLC)fst01205832.
=655  \0$aGovernment publications.
=884  \\$aLDL ebooks transformation to marcxml using queens_eb2marc.xsl$g20180516$kNIOPA_6912$qUk
=859  \\$aELD$bebook
=852  \\$aBritish Library$bHMNTS$cDRT$jELD.DS.285647
=CAT  \\$aBATCH-EBKN$b00$c20180519$lBLL01$h0209
=CAT  \\$aEBKS-FXD$c20180519$lBLL01$h0220
=CAT  \\$aBATCH$b00$c20180519$lBLL01$h0221
=CAT  \\$a6550$b40$c20180604$lBLL01$h1123
=CAT  \\$aW1810-2165$c20190130$lBLL01$h1519
=DRT  \\$aLD-ebooks
=SRC  \\$aCollection Metadata
=STA  \\$aSUPPRESSED$bSuppressed by MQ at request of Patrick Casey
=LAS  \\$aW1810-2165$b00$c20190130$lBLL01$h1519

