=LDR  01019 am a22003255i 4500
=001  018878260
=003  Uk
=005  20210223133921.0
=006  m\\\\||\\d\|\\\\\\
=007  cr\|||||||||||
=008  180524s2015\\\\xxk|||||o\\\\||||\||eng\\
=FMT  \\$a  BK
=040  \\$aUk$beng$cUk
=245  00$aResourcing and Talent Planning 2015.
=264  \1$aLondon :$bChartered Institute of Personnel and Development,$c2015.
=300  \\$a1 online resource.
=336  \\$atext$2rdacontent
=337  \\$acomputer$2rdamedia
=338  \\$aonline resource$2rdacarrier
=500  \\$aSURVEY REPORTMBS Portal
=859  \\$aELD$bebook
=852  \\$aBritish Library$bHMNTS$cDRT$jELD.DS.286893
=CAT  \\$aBATCH-EBKN$b00$c20180524$lBLL01$h0206
=CAT  \\$aEBKS-FXD$c20180524$lBLL01$h0212
=CAT  \\$aBATCH$b00$c20180524$lBLL01$h0213
=CAT  \\$a15020$b40$c20210223$lBLL01$h1339
=DRT  \\$aLD-ebooks
=SRC  \\$aSubmission Portal
=STA  \\$aSUPPRESSED$bRe-batched as Serial
=LAS  \\$a15020$b40$c20210223$lBLL01$h1339

