=LDR  01059 am a22003255i 4500
=001  018878266
=003  Uk
=005  20181121093230.0
=006  m\\\\||\\d\|\\\\\\
=007  cr\|||||||||||
=008  180524s2017\\\\xxk|||||o\\\\||||\||eng\\
=FMT  \\$a  BK
=040  \\$aUk$beng$cUk
=245  00$aRegional level aggregate farm accounts for England :$bFirst estimate for 2016.
=264  \1$aUK :$bDepartment for Environment, Food & Rural Affairs,$c2017.
=300  \\$a1 online resource.
=336  \\$atext$2rdacontent
=337  \\$acomputer$2rdamedia
=338  \\$aonline resource$2rdacarrier
=500  \\$aAdvised to process as mono
=859  \\$aELD$bebook
=852  \\$aBritish Library$bHMNTS$cDRT$jELD.DS.286899
=CAT  \\$aBATCH-EBKN$b00$c20180524$lBLL01$h0206
=CAT  \\$aEBKS-FXD$c20180524$lBLL01$h0212
=CAT  \\$aBATCH$b00$c20180524$lBLL01$h0213
=CAT  \\$a15005$b40$c20181121$lBLL01$h0932
=DRT  \\$aLD-ebooks
=SRC  \\$aSubmission Portal
=STA  \\$aSUPPRESSED$bRebatched as Serial
=LAS  \\$a15005$b40$c20181121$lBLL01$h0932

