=LDR  01092 am a22003255i 4500
=001  018878684
=003  Uk
=005  20200204154507.0
=006  m\\\\||\\d\|\\\\\\
=007  cr\|||||||||||
=008  180525s2018\\\\xxk|||||o\\\\||||\||eng\\
=FMT  \\$a  BK
=040  \\$aUk$beng$cUk
=245  00$aSTATISTICS ON ENGLISH COASTAL AND INLAND BATHING WATERS :$bA SUMMARY OF COMPLIANCE WITH THE 2006 BATHING WATER DIRECTIVE.
=264  \1$aLondon :$bDepartment for Environment, Food and Rural Affairs,$c2018.
=300  \\$a1 online resource.
=336  \\$atext$2rdacontent
=337  \\$acomputer$2rdamedia
=338  \\$aonline resource$2rdacarrier
=500  \\$a1 May 2018
=859  \\$aELD$bebook
=852  \\$aBritish Library$bHMNTS$cDRT$jELD.DS.287110
=CAT  \\$aBATCH-EBKN$b00$c20180525$lBLL01$h0200
=CAT  \\$aEBKS-FXD$c20180525$lBLL01$h0206
=CAT  \\$aBATCH$b00$c20180525$lBLL01$h0206
=CAT  \\$a14412$b40$c20200204$lBLL01$h1545
=DRT  \\$aLD-ebooks
=SRC  \\$aSubmission Portal
=STA  \\$aSUPPRESSED$bRebatched as Serial
=LAS  \\$a14412$b40$c20200204$lBLL01$h1545

