=LDR  01031cam a22003255i 4500
=001  018878689
=003  Uk
=005  20230725163333.0
=006  m\\\\||\\d\|\\\\\\
=007  cr\|||||||||||
=008  180525s2015\\\\xxk|||||o\\\\||||\||eng\\
=FMT  \\$a  BK
=040  \\$aUk$beng$cUk
=245  00$aFarm Practices Survey: Basic Payment Scheme and greening - England.
=264  \1$a[UK] :$bDepartment for Environment Food and Rural Affairs,$c2015.
=300  \\$a1 online resource.
=336  \\$atext$2rdacontent
=337  \\$acomputer$2rdamedia
=338  \\$aonline resource$2rdacarrier
=500  \\$a12 March 2015
=859  \\$aELD$bebook
=852  \\$aBritish Library$bHMNTS$cDRT$jELD.DS.287115
=CAT  \\$aBATCH-EBKN$b00$c20180525$lBLL01$h0200
=CAT  \\$aEBKS-FXD$c20180525$lBLL01$h0206
=CAT  \\$aBATCH$b00$c20180525$lBLL01$h0206
=CAT  \\$a11279$b40$c20230725$lBLL01$h1633
=DRT  \\$aLD-ebooks
=SRC  \\$aSubmission Portal
=STA  \\$aSUPPRESSED$bLanding page
=LAS  \\$a11279$b40$c20230725$lBLL01$h1633

