=LDR  01104 am a22003255i 4500
=001  018914340
=003  Uk
=005  20191014154946.0
=006  m\\\\||\\d\|\\\\\\
=007  cr\|||||||||||
=008  180619s2018\\\\xxk|||||o\\\\||||\||eng\\
=FMT  \\$a  BK
=040  \\$aUk$beng$cUk
=245  00$aCrop areas in England sourced from the Basic Payment Scheme and :$bthe June Survey of Agriculture 2015-2017 (Experimental Statistics).
=264  \1$a[UK] :$bDepartment for Environment Food and Rural Affairs,$c2018.
=300  \\$a1 online resource.
=336  \\$atext$2rdacontent
=337  \\$acomputer$2rdamedia
=338  \\$aonline resource$2rdacarrier
=500  \\$a1st May 2018
=859  \\$aELD$bebook
=852  \\$aBritish Library$bHMNTS$cDRT$jELD.DS.304406
=CAT  \\$aBATCH-EBKN$b00$c20180619$lBLL01$h0200
=CAT  \\$aEBKS-FXD$c20180619$lBLL01$h0207
=CAT  \\$aBATCH$b00$c20180619$lBLL01$h0208
=CAT  \\$a10902$b40$c20191014$lBLL01$h1549
=DRT  \\$aLD-ebooks
=SRC  \\$aSubmission Portal
=STA  \\$aSUPPRESSED$bRebatched as Serial
=LAS  \\$a10902$b40$c20191014$lBLL01$h1549

