=LDR  01060 am a22003495i 4500
=001  018914399
=003  Uk
=005  20210224140403.0
=006  m\\\\||\\d\|\\\\\\
=007  cr\|||||||||||
=008  180619s2013\\\\xxk|||||o\\\\||||\||eng\\
=FMT  \\$a  BK
=020  \\$a9781859359839
=040  \\$aUk$beng$cUk
=245  00$aA Minimum Income Standard For the UK in 2013.
=264  \1$aYork :$bJoseph Rowntree Foundation,$c2013.
=300  \\$a1 online resource.
=336  \\$atext$2rdacontent
=337  \\$acomputer$2rdamedia
=338  \\$aonline resource$2rdacarrier
=720  0\$aHirsch, Donald
=859  \\$aELD$bebook
=852  \\$aBritish Library$bHMNTS$cDRT$jELD.DS.304465
=CAT  \\$aBATCH-EBKN$b00$c20180619$lBLL01$h0200
=CAT  \\$aEBKS-FXD$c20180619$lBLL01$h0207
=CAT  \\$aBATCH$b00$c20180619$lBLL01$h0208
=CAT  \\$a15020$b40$c20210224$lBLL01$h1404
=DRT  \\$aLD-ebooks
=SRC  \\$aSubmission Portal
=STA  \\$aSUPPRESSED$bRebatched as Serial
=MUL  \\$a016460508,016479450
=LAS  \\$a15020$b40$c20210224$lBLL01$h1404

