=LDR  00954 am a22003135i 4500
=001  018918065
=003  Uk
=005  20181205092726.0
=006  m\\\\||\\d\|\\\\\\
=007  cr\|||||||||||
=008  180621s2018\\\\xxk|||||o\\\\||||\||eng\\
=FMT  \\$a  BK
=040  \\$aUk$beng$cUk
=245  00$aJourney Time Statistics Notes and definitions.
=264  \1$bDepartment for Transport,$c2018.
=300  \\$a1 online resource.
=336  \\$atext$2rdacontent
=337  \\$acomputer$2rdamedia
=338  \\$aonline resource$2rdacarrier
=859  \\$aELD$bebook
=852  \\$aBritish Library$bHMNTS$cDRT$jELD.DS.304792
=CAT  \\$aBATCH-EBKN$b00$c20180621$lBLL01$h0201
=CAT  \\$aEBKS-FXD$c20180621$lBLL01$h0209
=CAT  \\$aBATCH$b00$c20180621$lBLL01$h0210
=CAT  \\$a11450$b40$c20181205$lBLL01$h0927
=DRT  \\$aLD-ebooks
=SRC  \\$aSubmission Portal
=STA  \\$aSUPPRESSED$bRebatched as Serial
=LAS  \\$a11450$b40$c20181205$lBLL01$h0927

