=LDR  01109 am a22003495i 4500
=001  018936946
=003  Uk
=005  20190612084354.0
=006  m\\\\||\\d\|\\\\\\
=007  cr\|||||||||||
=008  180705s2017\\\\xxk|||||o\\\\||||\||eng\\
=FMT  \\$a  BK
=020  \\$a9781906003579
=040  \\$aUk$beng$cUk
=245  00$aAssessing the 2017 General Election Manifestos :$bUK Justice Policy ReviewFOCUSIssue 1.
=264  \1$aLondon :$bCentre for Crime and Justice Studies,$c2017.
=300  \\$a1 online resource.
=336  \\$atext$2rdacontent
=337  \\$acomputer$2rdamedia
=338  \\$aonline resource$2rdacarrier
=500  \\$a9781906003579
=720  0\$aGarside Richard
=859  \\$aELD$bebook
=852  \\$aBritish Library$bHMNTS$cDRT$jELD.DS.307259
=CAT  \\$aBATCH-EBKN$b00$c20180705$lBLL01$h0223
=CAT  \\$aEBKS-FXD$c20180705$lBLL01$h0236
=CAT  \\$aBATCH$b00$c20180705$lBLL01$h0237
=CAT  \\$a15020$b40$c20190612$lBLL01$h0843
=DRT  \\$aLD-ebooks
=SRC  \\$aSubmission Portal
=STA  \\$aSUPPRESSED$bRebatched as Serial
=LAS  \\$a15020$b40$c20190612$lBLL01$h0843

