=LDR  01083 am a22003495i 4500
=001  018937690
=003  Uk
=005  20181129105226.0
=006  m\\\\||\\d\|\\\\\\
=007  cr\|||||||||||
=008  180706s2012\\\\xxk|||||o\\\\||||\||eng\\
=FMT  \\$a  BK
=020  \\$a9781906003357
=040  \\$aUk$beng$cUk
=245  00$aUK Justice Policy Review :$bVolume 1.
=264  \1$aLondon :$bCentre for Crime and Justice Studies,$c2012.
=300  \\$a1 online resource.
=336  \\$atext$2rdacontent
=337  \\$acomputer$2rdamedia
=338  \\$aonline resource$2rdacarrier
=500  \\$a6 May 2010 to 5 May 2011
=720  0\$aGarside Richard; Mills Helen
=859  \\$aELD$bebook
=852  \\$aBritish Library$bHMNTS$cDRT$jELD.DS.307552
=CAT  \\$aBATCH-EBKN$b00$c20180706$lBLL01$h0217
=CAT  \\$aEBKS-FXD$c20180706$lBLL01$h0228
=CAT  \\$aBATCH$b00$c20180706$lBLL01$h0229
=CAT  \\$a15020$b40$c20181129$lBLL01$h1052
=DRT  \\$aLD-ebooks
=SRC  \\$aSubmission Portal
=STA  \\$aSUPPRESSED$bRebatched as serial
=LAS  \\$a15020$b40$c20181129$lBLL01$h1052

