=LDR  01148 am a22003495i 4500
=001  018937694
=003  Uk
=005  20181129104734.0
=006  m\\\\||\\d\|\\\\\\
=007  cr\|||||||||||
=008  180706s2017\\\\xxk|||||o\\\\||||\||eng\\
=FMT  \\$a  BK
=020  \\$a9781906003548
=040  \\$aUk$beng$cUk
=245  00$aUK Justice Policy Review :$bVolume 6From the General Election to Brexit.
=264  \1$aLondon :$bCentre for Crime and Justice Studies,$c2017.
=300  \\$a1 online resource.
=336  \\$atext$2rdacontent
=337  \\$acomputer$2rdamedia
=338  \\$aonline resource$2rdacarrier
=500  \\$a7 May 2015 to 23 June 2016
=720  0\$aGarside Richard; Ford Matt; Mills Helen; Roberts Rebecca
=859  \\$aELD$bebook
=852  \\$aBritish Library$bHMNTS$cDRT$jELD.DS.307556
=CAT  \\$aBATCH-EBKN$b00$c20180706$lBLL01$h0217
=CAT  \\$aEBKS-FXD$c20180706$lBLL01$h0228
=CAT  \\$aBATCH$b00$c20180706$lBLL01$h0229
=CAT  \\$a15020$b40$c20181129$lBLL01$h1047
=DRT  \\$aLD-ebooks
=SRC  \\$aSubmission Portal
=STA  \\$aSUPPRESSED$bRebatched as serial
=LAS  \\$a15020$b40$c20181129$lBLL01$h1047

