=LDR  00995 am a22003135i 4500
=001  018976480
=003  Uk
=005  20180906140054.0
=006  m\\\\||\\d\|\\\\\\
=007  cr\|||||||||||
=008  180714s2013\\\\xxk|||||o\\\\||||\||eng\\
=FMT  \\$a  BK
=040  \\$aUk$beng$cUk
=245  00$aDriver and rider testing and instructor statistics :$bnotes and definitions.
=264  \1$aLondon :$bDepartment for Transport,$c2013.
=300  \\$a1 online resource.
=336  \\$atext$2rdacontent
=337  \\$acomputer$2rdamedia
=338  \\$aonline resource$2rdacarrier
=859  \\$aELD$bebook
=852  \\$aBritish Library$bHMNTS$cDRT$jELD.DS.310376
=CAT  \\$aBATCH-EBKN$b00$c20180714$lBLL01$h0201
=CAT  \\$aEBKS-FXD$c20180714$lBLL01$h0212
=CAT  \\$aBATCH$b00$c20180714$lBLL01$h0213
=CAT  \\$a14586$b40$c20180906$lBLL01$h1400
=DRT  \\$aLD-ebooks
=SRC  \\$aSubmission Portal
=STA  \\$aSUPPRESSED$bRe-batched as Serial
=LAS  \\$a14586$b40$c20180906$lBLL01$h1400

