=LDR  02623cam a22006971i 4500
=001  018984844
=003  Uk
=005  20230503085120.0
=006  m\\\\||\\d\|\\\\\\
=007  cr\|||||||||||
=008  180718s2018\\\\wlk\\\\\ob\\\||||\||eng\\
=FMT  \\$a  BK
=015  \\$aGBB8F3782$2bnb
=020  \\$a9781783165674$qEPUB
=020  \\$a1783165677$qEPUB
=037  \\$a3-089-9781783165674$bIngram Content Group
=040  \\$aUk$beng$cUk
=042  \\$aukblsr
=072  \7$aHIS$x045000$2bisacsh
=082  04$a946.7$223
=245  00$aCatalan culture :$bexperimentation, creative imagination and the relationship with Spain : essays in honour of David George /$cedited by Lloyd Hughes Davies, J.B. Hall, and D. Gareth Walters.
=264  \1$aCardiff :$bUniversity of Wales Press,$c2018.
=300  \\$a1 online resource.
=336  \\$atext$2rdacontent
=337  \\$acomputer$2rdamedia
=338  \\$aonline resource$2rdacarrier
=490  1\$aIberian and Latin American studies
=504  \\$aIncludes bibliographical references.
=650  \7$aHISTORY / Europe / Spain & Portugal$2bisacsh
=650  \7$aCivilization.$2fast$0(OCoLC)fst00862898
=650  \7$aEthnicity.$2fast$0(OCoLC)fst00916034
=650  \7$aManners and customs.$2fast$0(OCoLC)fst01007815
=651  \0$aCatalonia (Spain)$xSocial life and customs.
=651  \0$aCatalonia (Spain)$xHistory.
=651  \0$aCatalonia (Spain)$xCivilization.
=651  \0$aCatalans$xEthnic identity.
=651  \7$aSpain$zCatalonia.$2fast$0(OCoLC)fst01206043
=655  \7$aHistory.$2fast$0(OCoLC)fst01411628
=700  1\$aDavies, Lloyd Hughes,$eeditor.
=700  1\$aHall, J. B.,$eeditor.
=700  1\$aWalters, D. Gareth,$eeditor.
=700  1\$aGeorge, David J.$q(David John),$ehonouree.
=830  \0$aIberian and Latin American studies.
=859  \\$aELD$bebook
=852  \\$aBritish Library$bHMNTS$cDRT$jELD.DS.311373$qImperfect
=BUF  1\$aN$d20180820
=CAT  \\$aBATCH-EBKN$b00$c20180721$lBLL01$h0201
=CAT  \\$aBATCH-UPD$b00$c20180721$lBLL01$h0202
=CAT  \\$aEBKS-FXD$c20180721$lBLL01$h0206
=CAT  \\$aBATCH$b00$c20180721$lBLL01$h0207
=CAT  \\$aBATCH-UPEB$b00$c20180820$lBLL01$h1700
=CAT  \\$a7164$b40$c20180904$lBLL01$h1355
=CAT  \\$a11279$b40$c20210825$lBLL01$h1247
=CAT  \\$a7164$b40$c20230503$lBLL01$h0851
=FIN  \\$aY$d20180820
=DRT  \\$aLD-ebooks
=SRC  \\$aIngrams
=STA  \\$aSUPPRESSED$bE-content not adequate for display
=ONS  \7$aLIT$x000000$2bisacsh
=ONS  \\$a2ADQ$tGalician (Gallego, Galego)$2BIC Language qualifer
=LAS  \\$a7164$b40$c20230503$lBLL01$h0851

