=LDR  06933cam a22004215i 4500
=001  018990525
=003  Uk
=005  20220110162821.0
=006  m\\\\||\\d\|\\\\\\
=007  cr\|||||||||||
=008  180724s2018\\\\|||||||fo\\\\||||\||eng\\
=FMT  \\$a  BK
=020  \\$a9788131253021$qEPUB
=020  \\$a8131253023$qEPUB
=037  \\$a9788131253021$bIngram Content Group
=040  \\$aUk$beng$cUk
=245  00$aBasics of Anesthesia: First South Asia Edition - E Book /$cRavinder Batra, Preet Mohinder Singh.
=264  \1$bElsevier India,$c2018.
=300  \\$a1 online resource (964 pages).
=336  \\$atext$2rdacontent
=337  \\$acomputer$2rdamedia
=338  \\$aonline resource$2rdacarrier
=505  0\$a<p>Section I INTRODUCTION</p> <p>1. Scope of Anesthesia Practice</p><i> <p> Ronald D. Miller, Manuel Pardo Jr. and Manuel Pardo Jr. and </p></i> <p>2. Learning Anesthesia</p><i> <p> Manuel Pardo Jr. and Manuel Pardo Jr. and </p></i> <p>3. Anesthesia and Health Information Technology</p><i> <p> David L. Robinowitz, Scott Richard Springman and Manuel Pardo Jr. </p></i> <p>Section II PHARMACOLOGY AND PHYSIOLOGY</p> <p>4. Basic Pharmacologic Principles</p><i> <p> Tae Kyun Kim, Shinju Obara, Ken B. Johnson and Manuel Pardo Jr. </p></i> <p>5. Clinical Cardiac and Pulmonary Physiology</p><i> <p> John Feiner and Manuel Pardo Jr. </p></i> <p>6. Autonomic Nervous System</p><i> <p> Erica J. Stein, David B. Glick and Manuel Pardo Jr. </p></i> <p>7. Inhaled Anesthetics</p><i> <p> Rachel Eshima. McKay and Manuel Pardo Jr. </p></i> <p>8. Intravenous Anesthetics</p><i> <p> Helge Eilers and Manuel Pardo Jr. </p></i> <p>9. Opioids</p><i> <p> Talmage D. Egan, Cynthia Newberry and Manuel Pardo Jr. </p></i> <p>10. Local Anesthetics</p><i> <p> Charles B. Berde and Manuel Pardo Jr. </p></i> <p>11. Neuromuscular Blocking Drugs</p><i> <p> Ronald D. Miller and Manuel Pardo Jr. </p></i> <p>12. Anesthesia Neurotoxicity</p><i> <p> Sulpicio G. Soriano, Mary Ellen McCann and Manuel Pardo Jr. </p></i> <p>Section III PREOPERATIVE PREPARATION AND INTRAOPERATIVE MANAGEMENT</p> <p>13. Preoperative Evaluation and Medication</p><i> <p> Rebecca M. Gerlach, BobbieJean Sweitzer and Manuel Pardo Jr. </p></i> <p>14. Choice of Anesthetic Technique</p><i> <p> Elizabeth L. Whitlock, Manuel Pardo Jr. and Manuel Pardo Jr. and </p></i> <p>15. Anesthesia Delivery Systems</p><i> <p> Patricia Roth and Manuel Pardo Jr. </p></i> <p>16. Airway Management</p><i> <p> Kerry Klinger, Andrew Infosino and Manuel Pardo Jr. </p></i> <p>17. Spinal, Epidural, and Caudal Anesthesia</p><i> <p> Alan J.R. Macfarlane, Richard Brull, Vincent W.S. Chan and Manuel Pardo Jr. </p></i> <p>18. Peripheral Nerve Blocks</p><i> <p> Edward Yap, Andrew T. Gray and Manuel Pardo Jr. </p></i> <p>19. Positioning and Associated Risks</p><i> <p> Kristine Breyer and Manuel Pardo Jr. </p></i> <p>20. Anesthetic Monitoring</p><i> <p> Kevin K. Tremper, Magnus Teig, James Szocik and Manuel Pardo Jr. </p></i> <p>21. Acid-Base Balance and Blood Gas Analysis</p><i> <p> Linda Liu and Manuel Pardo Jr. </p></i> <p>22. Hemostasis</p><i> <p> Linda Liu and Manuel Pardo Jr. </p></i> <p>23. Fluid Management</p><i> <p> Elizabeth Frost and Manuel Pardo Jr. </p></i> <p>24. Blood Therapy</p><i> <p> Ronald D. Miller and Manuel Pardo Jr. </p></i> <p>Section IV SPECIAL ANESTHETIC CONSIDERATIONS</p> <p>25. Cardiovascular Disease</p><i> <p> Art Wallace and Manuel Pardo Jr. </p></i> <p>26. Congenital Heart Disease</p><i> <p> Jin Huang, Stephen Weston, Scott Schulman and Manuel Pardo Jr. </p></i> <p>27. Chronic Pulmonary Disease</p><i> <p> Andrew James Deacon, Peter D. Slinger and Manuel Pardo Jr. </p></i> <p>28. Renal, Liver, and Biliary Tract Disease</p><i> <p> Anup Pamnani, Vinod Malhotra and Manuel Pardo Jr. </p></i> <p>29. Nutritional, Gastrointestinal, and Endocrine Disease</p><i> <p> Amy C. Robertson, William R. Furman and Manuel Pardo Jr. </p></i> <p>30. Central Nervous System Disease</p><i> <p> Lingzhong Meng, Alana Flexman and Manuel Pardo Jr. </p></i> <p>31. Ophthalmology and Otolaryngology</p><i> <p> Steven Gayer, Howard D. Palte and Manuel Pardo Jr. </p></i> <p>32. Orthopedics</p><i> <p> Andrew D. Rosenberg, Mitchell H. Marshall and Manuel Pardo Jr. </p></i> <p>33. Obstetrics</p><i> <p> Jennifer Lucero, Mark Rollins and Manuel Pardo Jr. </p></i> <p>34. Pediatrics</p><i> <p> Erin Gottlieb, Dean B. Andropoulos and Manuel Pardo Jr. </p></i> <p>35. Elderly Patients</p><i> <p> Sheila R. Barnett and Manuel Pardo Jr. </p></i> <p>36. Organ Transplantation</p><i> <p> Randolph H. Steadman, Victor W. Xia and Manuel Pardo Jr. </p></i> <p>37. Outpatient Anesthesia</p><i> <p> David M. Dickerson, Jeffrey L. Apfelbaum and Manuel Pardo Jr. </p></i> <p>38. Anesthesia for Procedures in Non-Operating Room Locations</p><i> <p> Wilson Cui, Chanhung Lee and Manuel Pardo Jr. </p></i> <p>Section V THE RECOVERY PERIOD</p> <p>39. Postanesthesia Recovery</p><i> <p> Theodora K. Nicholau, Melissa Haehn and Manuel Pardo Jr. </p></i> <p>40. Perioperative Pain Management</p><i> <p> Robert W. Hurley and Manuel Pardo Jr. </p></i> <p>Section VI CONSULTANT ANESTHETIC PRACTICE</p> <p>41. Critical Care Medicine</p><i> <p> John Turnbull, Linda Liu and Manuel Pardo Jr. </p></i> <p>42. Anesthesia for Trauma</p><i> <p> Marc P. Steurer, Tony Chang, Benn Morrie Lancman and Manuel Pardo Jr. </p></i> <p>43. Natural and Human-induced Disasters</p><i> <p> Joseph H. McIsaac III and Manuel Pardo Jr. </p></i> <p>44. Chronic Pain Management</p><i> <p> Omar Hyder, James Rathmell and Manuel Pardo Jr. </p></i> <p>45. Cardiopulmonary Resuscitation</p><i> <p> David Shimabukuro, Krishna Parekh and Manuel Pardo Jr. </p></i> <p>46. Operating Room Management</p><i> <p> Amr Abouleish and Manuel Pardo Jr. </p></i> <p>47. Awareness under Anesthesia</p><i> <p> Daniel Cole, Karen B. Domino and Manuel Pardo Jr. </p></i> <p>48. Quality and Patient Safety</p><i> <p> Avery Tung and Manuel Pardo Jr. </p></i> <p>49. Palliative Care</p><i> <p> Sarah Gebauer and Manuel Pardo Jr. </p></i> <p>50. Sleep Medicine</p><i> <p> Frances Chung, Mandeep Singh and Manuel Pardo Jr. </p></i> <p>51. Perioperative Medicine, the Perioperative Surgical Home and Population Health: New Models of Anesthesia Care</p><i> <p> Neal H. Cohen and Manuel Pardo Jr.</p></i>
=700  1\$aBatra, Ravinder$eeditor
=700  1\$aSingh, Preet Mohinder,$eeditor.
=859  \\$aELD$bebook
=852  \\$aBritish Library$bHMNTS$cDRT$jELD.DS.313658
=CAT  \\$aBATCH-EBKN$b00$c20180727$lBLL01$h0201
=CAT  \\$aBATCH-UPD$b00$c20180727$lBLL01$h0202
=CAT  \\$aEBKS-FXD$c20180727$lBLL01$h0211
=CAT  \\$aBATCH$b00$c20180727$lBLL01$h0212
=CAT  \\$a7183$b40$c20220110$lBLL01$h1628
=DRT  \\$aLD-ebooks
=SRC  \\$aIngrams
=STA  \\$aSUPPRESSED$bE-content not eligible for Non-Print Legal Deposit
=ONX  \\$aIN
=ONS  \7$aMED$x006000$2bisacsh
=LAS  \\$a7183$b40$c20220110$lBLL01$h1628

