=LDR  08774cam a22004215i 4500
=001  018990707
=003  Uk
=005  20220111133244.0
=006  m\\\\||\\d\|\\\\\\
=007  cr\|||||||||||
=008  180724s2016\\\\|||||||fo\\\\||||\||eng\\
=FMT  \\$a  BK
=020  \\$a9788131247266$qPDF
=020  \\$a8131247260$qPDF
=037  \\$a9788131247266$bIngram Content Group
=040  \\$aUk$beng$cUk
=100  1\$aScholes, Melissa A.,$eauthor$uAssistant Professor, Department of Otolaryngology, University of Colorado, Aurora, CO
=245  10$aENT Secrets - First South Asia Edition /$cMelissa A. Scholes, Vijay R Ramakrishnan.
=264  \1$bElsevier India,$c2016.
=300  \\$a1 online resource (594 pages).
=336  \\$atext$2rdacontent
=337  \\$acomputer$2rdamedia
=338  \\$aonline resource$2rdacarrier
=505  0\$a<p>CONTENTS</p> <b> <p>Top 100 Examination Pearls</p> <p>I. General</p></b> <p>1. General Anatomy and Embryology with Radiology Correlates</p><i> <p>   Cristina Cabrera-Muffly, MD, FACS</p></i> <p>2. ENT Emergencies</p><i> <p>   Henry P. Barham, MD and Kenneth T. Bellian, MD, MBA</p></i> <p>3. Deep Neck Infections</p><i> <p>   Tendy Chiang, MD and Kavitha K. Prabaker, MD</p></i> <p>4. Antimicrobials and Pharmacotherapy</p><i> <p>   Taylor M. Washburn, MD</p></i> <p>5. Snoring and Obstructive Sleep Apnea</p><i> <p>   Masayoshi Takashima, MD and Sarah A. Gitomer, MD</p></i> <p>6. Granulomatous and Autoimmune Diseases of the Head and Neck</p><i> <p>   Victor I. Scapa, MD</p></i> <p>7. Facial Pain and Headache</p><i> <p>   Benjamin Milam, MD and Vijay Ramakrishnan, MD</p></i> <p>8. Taste and Smell</p><i> <p>   Elizabeth A. Gould, MD and Vijay Ramakrishnan, MD</p></i> <b> <p>II. Head and Neck</p></b> <p>9. Head and Neck Anatomy and Embryology with Radiology Correlates</p><i> <p>Ted H. Leem, MD, MS; Benjamin Milam, MD and Mofiyinfolu Sokoya, MD </p></i> <p>10. Tumor Biology</p><i> <p>   Jessica D. McDermott, MD and Daniel W. Bowles, MD</p></i> <p>11. Skin Cancer</p><i> <p>   Franki Lambert Smith, MD and Mariah Brown, MD</p></i> <p>12. Diseases of the Oral Cavity and Oropharynx</p><i> <p>   Julie A. Goddard, MD, FACS</p></i> <p>13. Cancer of the Hypopharynx, Larynx, and Esophagus</p><i> <p>   Marcia Eustaquio, MD and Craig Quattlebaum, MD</p></i> <p>14. Diseases of the Salivary Glands</p><i> <p>   Mofiyinfolu Sokoya, MD and Ted H. Leem, MD, MS</p></i> <p>15. Diseases of the Thyroid and Parathyroid Glands</p><i> <p>   John Song, MD</p></i> <p>16. Neck Dissection</p><i> <p>   John Song, MD</p></i> <p>17. Vascular Tumors of the Head and Neck</p><i> <p>   Matthew Old, MD, FACS</p></i> <p>18. Sinonasal Tumors</p><i> <p>   Jon Mallen-St. Clair, MD, PhD and Jeffrey D. Suh, MD</p></i> <p>19. Skull Base Surgery</p><i> <p>   William C. Yao, MD; Jeffrey D. Suh, MD and Vijay R. Ramakrishnan, MD</p></i> <p>20. Hematologic Malignancy</p><i> <p>   Vignesh Narayanan, MD and Daniel A. Pollyea, MD, MS</p></i> <p>21. Radiation and Systemic Therapy for Head and Neck Cancer</p><i> <p>   Timothy V. Waxweiler, MD and Sana D. Karam, MD, PhD </p></i> <b> <p>III. Allergy and Rhinology</p></b> <p>22. Sinonasal Anatomy and Embryology with Radiology Correlates</p><i> <p>   Richard R. Orlandi, MD and Jeremiah A. Alt, MD, PhD</p></i> <p>23. Epistaxis</p><i> <p>   Alexander Connelly, MD and Vijay R. Ramakrishnan</p></i> <p>24. Rhinitis</p><i> <p>   Lindsay K. Finkas, MD and Rohit Katial, MD, FAAAAI, FACP</p></i> <p>25. Acute Rhinosinusitis and Infectious Complications</p><i> <p>   Jeffrey Chain, MD</p></i> <p>26. Chronic Rhinosinusitis</p><i> <p>   Leah J. Hauser, MD and Todd T. Kingdom, MD </p></i> <p>27. Septoplasty and Turbinate Surgery</p><i> <p>   Jeevan B. Ramakrishnan, MD</p></i> <p>28. Functional Endoscopic Sinus Surgery</p><i> <p>   Henry P. Barham, MD and Anne E. Getz, MD </p></i> <p>29. Cerebrospinal Fluid Leaks and Encephaloceles</p><i> <p>   Henry P. Barham, MD and Anne E. Getz, MD </p></i> <p>30. Orbital Surgery</p><i> <p>   Henry P. Barham, MD and Todd T. Kingdom, MD</p></i> <b> <p>IV. Otology and Audiology</p></b> <p>31. Otology Anatomy and Embryology with Radiology Correlates</p><i> <p>   Renee Banakis Hartl, MD, AuD</p></i> <p>32. Hearing Loss and Ototoxicity</p><i> <p>   Cristina Cabrera-Muffly, MD, FACS</p></i> <p>33. Evaluation of Hearing</p><i> <p>   Sandra Abbott Gabbard, PhD; Stacy Claycomb, AuD and Kristin Uhler, PhD </p></i> <p>34. Tinnitus</p><i> <p>   Renee Banakis Hartl, MD, AuD and Ted H. Leem, MD, MS</p></i> <p>35. Evaluation of the Vestibular System and Vestibular Disorders</p><i> <p>   Carol A. Foster, MD</p></i> <p>36. Hearing Aids and Implantable Devices</p><i> <p>   Allison Brower, AuD, MS</p></i> <p>37. Infections of the Ear</p><i> <p>   Melissa A. Scholes, MD</p></i> <p>38. Complications of Otitis Media</p><i> <p>   Jameson K. Mattingly, MD and Kenny H. Chan, MD</p></i> <p>39. Tympanomastoidectomy and Ossicular Chain Reconstruction</p><i> <p>   Brianne Barnett Roby, MD and Patricia J. Yoon, MD</p></i> <p>40. Otosclerosis</p><i> <p>   Jameson K. Mattingly, MD and Herman Jenkins, MD</p></i> <p>41. Cholesteatoma</p><i> <p>   Jameson K. Mattingly, MD and Kenny H. Chan, MD</p></i> <p>42. Facial Nerve</p><i> <p>   Scott Mann, MD and Stephen P. Cass, MD</p></i> <p>43. Surgery for Vertigo</p><i> <p>   Scott Mann, MD and Stephen P. Cass, MD</p></i> <p>44. Neurotology</p><i> <p>   J. Eric Lupo, MD, MS and John C. Goddard, MD</p></i> <p>45. Temporal Bone Trauma </p><i> <p>   Vincent Eusterman, MD, DDS</p></i> <b> <p>V. Pediatric Otolaryngology</p></b> <p>46. Pediatric ENT Anatomy and Embryology with Radiology Correlates</p><i> <p>   Stephen S. Newton, MD and David M. Mirsky, MD</p></i> <p>47. The Acute Pediatric Airway</p><i> <p>   Leah J. Hauser, MD and Tendy Chiang, MD </p></i> <p>48. Chronic Pediatric Airway Diseases</p><i> <p>   Brook McConnell, MD and Jeremy D. Prager, MD</p></i> <p>49. Pediatric Adenotonsillar Disease, Sleep Disordered Breathing and Obstructive Sleep </p> <p>Apnea</p><i> <p>   Norman R. Friedman, MD and Patricia J. Yoon, MD</p></i> <p>50. Congenital Malformations of the Head and Neck</p><i> <p>   Craig Quattlebaum, MD and Sven-Olrik Streubel, MD, MBA</p></i> <p>51. Cleft Lip and Palate</p><i> <p>   Gregory C. Allen, MD, FACS, FAAP</p></i> <p>52. Pediatric Hearing Loss</p><i> <p>   Allison M. Dobbie, MD</p></i> <p>53. Microtia and Otoplasty</p><i> <p>   Peggy E. Kelley, MD</p></i> <p>54. Vascular Malformations</p><i> <p>   Pamela A. Mudd, MD</p></i> <p>55. Pediatric Head and Neck Tumors</p><i> <p>   Todd M. Wine, MD</p></i> <b> <p>VI. Facial Plastic Surgery, Reconstruction and Trauma</p></b> <p>56. Anatomy and Embryology with Radiology Correlates</p><i> <p>   Mofiyinfolu Sokoya, MD and Adam M. Terella, MD</p></i> <p>57. Principles of Wound Healing</p><i> <p>   Mofiyinfolu Sokoya, MD and Andrew A. Winkler, MD</p></i> <p>58. Facial Analysis</p><i> <p>   Henry H. Chen, MD, MBA and Edwin F. Williams, III, MD</p></i> <p>59. Rhinoplasty and Nasal Reconstruction</p><i> <p>   Geoffrey R. Ferril, MD and Andrew A. Winkler, MD</p></i> <p>60. Periorbital Surgery</p><i> <p>   Brett W. Davies, MD, MS and Vikram Durairaj, MD, FACS </p></i> <p>61. Lasers, Skin Resurfacing, and Alopecia</p><i> <p>   Marcelo B. Antunes, MD</p></i> <p>62. Cosmetic Surgery for the Aging Neck and Face</p><i> <p>   Andrew A. Winkler, MD</p></i> <p>63. Botulinum Toxin and Fillers</p><i> <p>   Henry H. Chen, MD, MBA and Edwin F. Williams, III, MD</p></i> <p>64. Facial Reanimation</p><i> <p>   Geoffrey R. Ferril, MD and Adam M. Terella, MD</p></i> <p>65. Skin Grafts and Local Flaps</p><i> <p>   Adam M. Terella, MD</p></i> <p>66. Regional and Free Flaps</p><i> <p>   Justin M. Wudel, MD and Sarah J. Novis, MD </p></i> <p>67. Principles of Trauma</p><i> <p>   Paul Montero, MD and Erik Peltz, DO</p></i> <p>68. Facial Trauma</p><i> <p>   Vincent Eusterman, MD, DDS</p></i> <b> <p>VII. Laryngology and Swallowing Disorders</p></b> <p>69. Aerodigestive Anatomy and Embryology with Radiology Correlates</p>&l
=700  1\$aRamakrishnan, Vijay R.,$eauthor.
=859  \\$aELD$bebook
=852  \\$aBritish Library$bHMNTS$cDRT$jELD.DS.313840
=CAT  \\$aBATCH-EBKN$b00$c20180727$lBLL01$h0202
=CAT  \\$aBATCH-UPD$b00$c20180727$lBLL01$h0202
=CAT  \\$aEBKS-FXD$c20180727$lBLL01$h0211
=CAT  \\$aBATCH$b00$c20180727$lBLL01$h0212
=CAT  \\$a7183$b40$c20220111$lBLL01$h1332
=DRT  \\$aLD-ebooks
=SRC  \\$aIngrams
=STA  \\$aSUPPRESSED$bE-content not eligible for Non-Print Legal Deposit
=ONX  \\$aIN
=ONS  \7$aMED$x066000$2bisacsh
=LAS  \\$a7183$b40$c20220111$lBLL01$h1332

