=LDR  02226cam a22004095i 4500
=001  018990709
=003  Uk
=005  20220110183524.0
=006  m\\\\||\\d\|\\\\\\
=007  cr\|||||||||||
=008  180724s2017\\\\|||||||fo\\\\||||\||eng\\
=FMT  \\$a  BK
=020  \\$a9788131249925$qPDF
=020  \\$a8131249921$qPDF
=037  \\$a9788131249925$bIngram Content Group
=040  \\$aUk$beng$cUk
=100  1\$aSkidmore-Roth, Linda,$eauthor$uConsultant, Littleton, CO; Former Nursing Faculty, New Mexico State University, Las Cruces, NM; El Paso Community College, El Paso, TX
=245  10$aMosby's 2018 Nursing Drug Reference: First South Asia Edition-E-Book /$cLinda Skidmore-Roth.
=264  \1$bElsevier India,$c2017.
=300  \\$a1 online resource (1378 pages).
=336  \\$atext$2rdacontent
=337  \\$acomputer$2rdamedia
=338  \\$aonline resource$2rdacarrier
=505  0\$a<p>Individual drug monographs</p> <p>Appendixes</p> <p>A. Selected new drugs</p> <p>Antihemophilic factor recombinant, single chain</p> <p>Aspirin/omeprazole</p> <p>Atezolizumab</p> <p>Bezlotoxumab</p> <p>Brivaracetam</p> <p>Cabozantinib</p> <p>Daclizumab</p> <p>Emtricitabine/rilpivirine/tenofovir</p> <p>Emtricitabine/tenofovir</p> <p>Insulin degludec/liraglutide</p> <p>Insulin glargine/lixisenatide</p> <p>Ixekizumab</p> <p>Lixisenatide</p> <p>Nebivolol/valsartan</p> <p>Nivolumab</p> <p>Obiltoxaximab</p> <p>Olaratumab</p> <p>Oxycodone/naltrexone</p> <p>Pimavanserin</p> <p>Reslizumab</p> <p>Sofosbuvir/velpatasvir</p> <p>Venetoclax</p> <p>B. Ophthalmic, nasal, topical, and otic products</p> <p>C. Vaccines and toxoids</p> <p>D. Recent fda drug approvals</p> <p>Index</p>
=859  \\$aELD$bebook
=852  \\$aBritish Library$bHMNTS$cDRT$jELD.DS.313842
=CAT  \\$aBATCH-EBKN$b00$c20180727$lBLL01$h0202
=CAT  \\$aBATCH-UPD$b00$c20180727$lBLL01$h0202
=CAT  \\$aEBKS-FXD$c20180727$lBLL01$h0211
=CAT  \\$aBATCH$b00$c20180727$lBLL01$h0212
=CAT  \\$a7183$b40$c20220110$lBLL01$h1835
=DRT  \\$aLD-ebooks
=SRC  \\$aIngrams
=STA  \\$aSUPPRESSED$bE-content not eligible for Non-Print Legal Deposit
=ONX  \\$aIN
=ONS  \7$aMED$x058170$2bisacsh
=LAS  \\$a7183$b40$c20220110$lBLL01$h1835

