=LDR  01469cam a22004095i 4500
=001  018990710
=003  Uk
=005  20220111130003.0
=006  m\\\\||\\d\|\\\\\\
=007  cr\|||||||||||
=008  180724s2017\\\\|||||||fo\\\\||||\||eng\\
=FMT  \\$a  BK
=020  \\$a9788131247310$qPDF
=020  \\$a8131247317$qPDF
=037  \\$a9788131247310$bIngram Content Group
=040  \\$aUk$beng$cUk
=100  1\$aTorigian, Drew A.,$eauthor$uAssociate Professor of Radiology, Department of Radiology, Hospital of the University of Pennsylvania,Philadelphia, Pennsylvania
=245  10$aRadiology Secrets: First South Asia Edition - Ebook /$cDrew A. Torigian, Parvati Ramchandani.
=264  \1$bElsevier India,$c2017.
=300  \\$a1 online resource (930 pages).
=336  \\$atext$2rdacontent
=337  \\$acomputer$2rdamedia
=338  \\$aonline resource$2rdacarrier
=700  1\$aRamchandani, Parvati,$eauthor.
=859  \\$aELD$bebook
=852  \\$aBritish Library$bHMNTS$cDRT$jELD.DS.313843
=CAT  \\$aBATCH-EBKN$b00$c20180727$lBLL01$h0202
=CAT  \\$aBATCH-UPD$b00$c20180727$lBLL01$h0202
=CAT  \\$aEBKS-FXD$c20180727$lBLL01$h0211
=CAT  \\$aBATCH$b00$c20180727$lBLL01$h0212
=CAT  \\$a7183$b40$c20220111$lBLL01$h1300
=DRT  \\$aLD-ebooks
=SRC  \\$aIngram
=STA  \\$aSUPPRESSED$bE-content not eligible for Non-Print Legal Deposit
=ONX  \\$aIN
=ONS  \7$aMED$x080000$2bisacsh
=LAS  \\$a7183$b40$c20220111$lBLL01$h1300

