=LDR  01069 am a22003135i 4500
=001  019001338
=003  Uk
=005  20191220091445.0
=006  m\\\\||\\d\|\\\\\\
=007  cr\|||||||||||
=008  180802s2018\\\\xxk|||||o\\\\||||\||eng\\
=FMT  \\$a  BK
=040  \\$aUk$beng$cUk
=245  00$aUse of Discretionary Housing Payments :$bAnalysis of Returns from Local Authorities April 2017 -March 2018Background information and methodology.
=264  \1$a[UK] :$bDepartment for Work & Pensions,$c2018.
=300  \\$a1 online resource.
=336  \\$atext$2rdacontent
=337  \\$acomputer$2rdamedia
=338  \\$aonline resource$2rdacarrier
=859  \\$aELD$bebook
=852  \\$aBritish Library$bHMNTS$cDRT$jELD.DS.315905
=CAT  \\$aBATCH-EBKN$b00$c20180802$lBLL01$h0218
=CAT  \\$aEBKS-FXD$c20180802$lBLL01$h0231
=CAT  \\$aBATCH$b00$c20180802$lBLL01$h0232
=CAT  \\$a15190$b40$c20191220$lBLL01$h0914
=DRT  \\$aLD-ebooks
=SRC  \\$aSubmission Portal
=STA  \\$aSUPPRESSED$bRebatched as Serial
=LAS  \\$a15190$b40$c20191220$lBLL01$h0914

