=LDR  04158cam a22004215i 4500
=001  019013219
=003  Uk
=005  20220110171242.0
=006  m\\\\||\\d\|\\\\\\
=007  cr\|||||||||||
=008  180806s2017\\\\|||||||fo\\\\||||\||eng\\
=FMT  \\$a  BK
=020  \\$a9788131252048$qPDF
=020  \\$a8131252043$qPDF
=037  \\$a9788131252048$bIngram Content Group
=040  \\$aUk$beng$cUk
=100  1\$aKoeppen, Bruce M.,$eauthor$uDean, Frank H. Netter MD School of Medicine, Quinnipiac University, Hamden, Connecticut
=245  10$aBerne & Levy Physiology: First South Asia Edition-E-book /$cBruce M. Koeppen, Bruce A. Stanton.
=264  \1$bElsevier India,$c2017.
=300  \\$a1 online resource (882 pages).
=336  \\$atext$2rdacontent
=337  \\$acomputer$2rdamedia
=338  \\$aonline resource$2rdacarrier
=505  0\$a<p>Section 1: Cellular Physiology</p> <p>1. Principles of Cell and Membrane Function</p> <p>2. Homeostasis: Volume and Composition of Body Fluid Compartments</p> <p>3. Signal Transduction, Membrane Receptors, Second Messengers, and Regulation of Gene Expression</p><b> <p>Section 2: The Nervous System</p></b> <p>4. The Nervous System: Introduction to Cells and Systems</p> <p>5. Generation and Conduction of Action Potentials</p> <p>6. Synaptic Transmission</p> <p>7. The Somatosensory System</p> <p>8. The Special Senses</p> <p>9. Organization of Motor Function</p> <p>10. Higher Functions of the Nervous System</p> <p>11. The Autonomic Nervous System and Its Central Control</p><b> <p>Section 3: Muscle</p></b> <p>12. Skeletal Muscle Physiology</p> <p>13. Cardiac Muscle</p> <p>14. Smooth Muscle</p><b> <p>Section 4: The Cardiovascular System</p></b> <p>15. Overview of Circulation</p> <p>16. Elements of Cardiac Function</p> <p>17. Properties of the Vasculature</p> <p>18. Regulation of the Heart and Vasculature</p> <p>19. Integrated Control of the Cardiovascular System</p><b> <p>Section 5: The Respiratory System</p></b> <p>20. Structure and Function of the Respiratory System</p> <p>21. Static Lung and Chest Wall Mechanics</p> <p>22. Dynamic Lung and Chest Wall Mechanics</p> <p>23. Ventilation (V.), Perfusion (Q.), and V./Q. Relationships</p> <p>24. Oxygen and Carbon Dioxide Transport</p> <p>25. Control of Respiration</p> <p>26. Nonrespiratory Functions of the Lung</p><b> <p>Section 6: Gastrointestinal Physiology</p></b> <p>27. Functional Anatomy and General Principles of Regulation in the Gastrointestinal Tract</p> <p>28. The Cephalic, Oral, and Esophageal Phases of the Integrated Response to a Meal</p> <p>29. The Gastric Phase of the Integrated Response to a Meal</p> <p>30. The Small Intestinal Phase of the Integrated Response to a Meal</p> <p>31. The Colonic Phase of the Integrated Response to a Meal</p> <p>32. Transport and Metabolic Functions of the Liver</p><b> <p>Section 7: The Renal System</p></b> <p>33. Elements of Renal Function</p> <p>34. Solute and Water Transport along the Nephron: Tubular Function</p> <p>35. Control of Body Fluid Osmolality and Volume</p> <p>36. Potassium, Calcium, and Phosphate Homeostasis</p> <p>37. Role of the Kidneys in the Regulation of Acid-Base Balance</p><b> <p>Section 8: The Endocrine and Reproductive Systems</p></b> <p>38. Introduction to the Endocrine System</p> <p>39. Hormonal Regulation of Energy Metabolism</p> <p>40. Hormonal Regulation of Calcium and Phosphate Metabolism</p> <p>41. The Hypothalamus and Pituitary Gland</p> <p>42. The Thyroid Gland</p> <p>43. The Adrenal Glands</p> <p>44. The Male and Female Reproductive Systems</p>
=700  1\$aStanton, Bruce A.,$eauthor.
=859  \\$aELD$bebook
=852  \\$aBritish Library$bHMNTS$cDRT$jELD.DS.317258
=CAT  \\$aBATCH-EBKN$b00$c20180809$lBLL01$h0229
=CAT  \\$aBATCH-UPD$b00$c20180809$lBLL01$h0229
=CAT  \\$aEBKS-FXD$c20180809$lBLL01$h0243
=CAT  \\$aBATCH$b00$c20180809$lBLL01$h0244
=CAT  \\$a7183$b40$c20220110$lBLL01$h1712
=DRT  \\$aLD-ebooks
=SRC  \\$aIngrams
=STA  \\$aSUPPRESSED$bE-content not eligible for Non-Print Legal Deposit
=ONX  \\$aIN
=ONS  \7$aMED$x075000$2bisacsh
=LAS  \\$a7183$b40$c20220110$lBLL01$h1712

