=LDR  01049 am a22003135i 4500
=001  019016997
=003  Uk
=005  20200724122621.0
=006  m\\\\||\\d\|\\\\\\
=007  cr\|||||||||||
=008  180813s2017\\\\xxk|||||o\\\\||||\||eng\\
=FMT  \\$a  BK
=040  \\$aUk$beng$cUk
=245  00$aThe renewables obligation for 2018/19 :$bCalculating the Level of the Renewables Obligation for 2018/19.
=264  \1$a[UK] :$bDepartment for Business, Energy & Industrial Strategy,$c2017.
=300  \\$a1 online resource.
=336  \\$atext$2rdacontent
=337  \\$acomputer$2rdamedia
=338  \\$aonline resource$2rdacarrier
=859  \\$aELD$bebook
=852  \\$aBritish Library$bHMNTS$cDRT$jELD.DS.318548
=CAT  \\$aBATCH-EBKN$b00$c20180813$lBLL01$h0219
=CAT  \\$aEBKS-FXD$c20180813$lBLL01$h0223
=CAT  \\$aBATCH$b00$c20180813$lBLL01$h0223
=CAT  \\$a15190$b40$c20200724$lBLL01$h1226
=DRT  \\$aLD-ebooks
=SRC  \\$aSubmission Portal
=STA  \\$aSUPPRESSED$bRebatched as Serial
=LAS  \\$a15190$b40$c20200724$lBLL01$h1226

