=LDR  01014 am a22003135i 4500
=001  019016999
=003  Uk
=005  20190516120913.0
=006  m\\\\||\\d\|\\\\\\
=007  cr\|||||||||||
=008  180813s2018\\\\xxk|||||o\\\\||||\||eng\\
=FMT  \\$a  BK
=040  \\$aUk$beng$cUk
=245  00$aUpdated short-term traded carbon values :$bUsed for Modelling Purposes.
=264  \1$a[UK] :$bDepartment for Business, Energy & Industrial Strategy,$c2018.
=300  \\$a1 online resource.
=336  \\$atext$2rdacontent
=337  \\$acomputer$2rdamedia
=338  \\$aonline resource$2rdacarrier
=859  \\$aELD$bebook
=852  \\$aBritish Library$bHMNTS$cDRT$jELD.DS.318550
=CAT  \\$aBATCH-EBKN$b00$c20180813$lBLL01$h0219
=CAT  \\$aEBKS-FXD$c20180813$lBLL01$h0223
=CAT  \\$aBATCH$b00$c20180813$lBLL01$h0223
=CAT  \\$a6790$b40$c20190516$lBLL01$h1209
=DRT  \\$aLD-ebooks
=SRC  \\$aSubmission Portal
=STA  \\$aSUPPRESSED$bRebatched as Serial
=LAS  \\$a6790$b40$c20190516$lBLL01$h1209

