=LDR  01790 am a22004455i 4500
=001  019023220
=003  Uk
=005  20190130151932.0
=006  m\\\\||\\d\|\\\\\\
=007  cr\|||||||||||
=008  180815s2017\\\\nik|||||o||||f||||||eng|d
=FMT  \\$a  BK
=037  \\$aNIOPA_7458$bQueen's University Belfast$nNorthern Ireland Official Publications Repository
=040  \\$aNiBfQU$beng$cNiBfQU$dUk$erda
=110  2\$aNorthern Ireland Environment Agency,$eauthor.
=245  10$aProsperity Agreement :$bNorthern Ireland Environment Agency and AES UK & Ireland.
=264  \1$aNorthern Ireland :$bNorthern Ireland Environment Agency,$c2017.
=300  \\$a1 online resource.
=336  \\$atext$2rdacontent
=337  \\$acomputer$2rdamedia
=338  \\$aonline resource$2rdacarrier
=650  \7$aElectric power production$xEnvironmental aspects.$2fast$0(OCoLC)fst00905483
=650  \7$aEnvironmental policy.$2fast$0(OCoLC)fst00913250
=650  \7$aBusiness.$2fast$0(OCoLC)fst00842262
=651  \7$aNorthern Ireland.$2fast$0(OCoLC)fst01205215
=655  \0$aGovernment publications.
=710  2\$aAES UK & Ireland,$eauthor.
=884  \\$aLDL ebooks transformation to marcxml using queens_eb2marc.xsl$g20180817$kNIOPA_7458$qUk
=859  \\$aELD$bebook
=852  \\$aBritish Library$bHMNTS$cDRT$jELD.DS.320476
=CAT  \\$aBATCH-EBKN$b00$c20180820$lBLL01$h0209
=CAT  \\$aEBKS-FXD$c20180820$lBLL01$h0213
=CAT  \\$aBATCH$b00$c20180820$lBLL01$h0214
=CAT  \\$a3391$b40$c20180830$lBLL01$h1653
=CAT  \\$a6550$b40$c20181012$lBLL01$h1002
=CAT  \\$aW1810-2165$c20190130$lBLL01$h1519
=DRT  \\$aLD-ebooks
=SRC  \\$aCollection Metadata
=STA  \\$aSUPPRESSED$bSuppressed by MQ at request of Patrick Casey
=LAS  \\$aW1810-2165$b00$c20190130$lBLL01$h1519

