=LDR  01042 am a22003255i 4500
=001  019028851
=003  Uk
=005  20211006141009.0
=006  m\\\\||\\d\|\\\\\\
=007  cr\|||||||||||
=008  180824s2018\\\\xxk|||||o\\\\||||\||eng\\
=FMT  \\$a  BK
=040  \\$aUk$beng$cUk
=245  00$aGuide to Offender Management statistics England and Wales :$bMinistry of JusticeGuidance Documentation.
=264  \1$aLondon :$bMinistry of justice,$c2018.
=300  \\$a1 online resource.
=336  \\$atext$2rdacontent
=337  \\$acomputer$2rdamedia
=338  \\$aonline resource$2rdacarrier
=500  \\$aJuly 2018
=859  \\$aELD$bebook
=852  \\$aBritish Library$bHMNTS$cDRT$jELD.DS.321360
=CAT  \\$aBATCH-EBKN$b00$c20180824$lBLL01$h0210
=CAT  \\$aEBKS-FXD$c20180824$lBLL01$h0216
=CAT  \\$aBATCH$b00$c20180824$lBLL01$h0216
=CAT  \\$a14412$b40$c20211006$lBLL01$h1410
=DRT  \\$aLD-ebooks
=SRC  \\$aSubmission Portal
=STA  \\$aSUPPRESSED$bRebatched as Serial
=LAS  \\$a14412$b40$c20211006$lBLL01$h1410

