=LDR  01042 am a22003135i 4500
=001  019028853
=003  Uk
=005  20190327113431.0
=006  m\\\\||\\d\|\\\\\\
=007  cr\|||||||||||
=008  180824s2018\\\\xxk|||||o\\\\||||\||eng\\
=FMT  \\$a  BK
=040  \\$aUk$beng$cUk
=245  00$aFinal and Interim Proven Reoffending statistics for the :$bCommunity Rehabilitation Companies and the National Probation Service.
=264  \1$aLondon :$bMinistry of Defence,$c2018.
=300  \\$a1 online resource.
=336  \\$atext$2rdacontent
=337  \\$acomputer$2rdamedia
=338  \\$aonline resource$2rdacarrier
=859  \\$aELD$bebook
=852  \\$aBritish Library$bHMNTS$cDRT$jELD.DS.321362
=CAT  \\$aBATCH-EBKN$b00$c20180824$lBLL01$h0210
=CAT  \\$aEBKS-FXD$c20180824$lBLL01$h0216
=CAT  \\$aBATCH$b00$c20180824$lBLL01$h0216
=CAT  \\$a15005$b40$c20190327$lBLL01$h1134
=DRT  \\$aLD-ebooks
=SRC  \\$aSubmission Portal
=STA  \\$aSUPPRESSED$bRebatched as Serial
=LAS  \\$a15005$b40$c20190327$lBLL01$h1134

