=LDR  04987cam a22004335i 4500
=001  019030834
=003  Uk
=005  20220110163434.0
=006  m\\\\||\\d\|\\\\\\
=007  cr\|||||||||||
=008  180824s2018\\\\|||||||fo\\\\||||\||eng\\
=FMT  \\$a  BK
=020  \\$a9788131253328$qEPUB
=020  \\$a8131253325$qEPUB
=037  \\$a9788131253328$bIngram Content Group
=040  \\$aUk$beng$cUk
=245  00$aLewis's Medical-Surgical Nursing, Third South Asia Edition - E-Book :$bAssessment and Management of Clinical Problems /$cChintamani, Mrinalini Mani.
=250  \\$a3rd
=264  \1$bElsevier India,$c2018.
=300  \\$a1 online resource (2000 pages).
=336  \\$atext$2rdacontent
=337  \\$acomputer$2rdamedia
=338  \\$aonline resource$2rdacarrier
=505  0\$a<p><b>VOLUME - I</b></p> <p><b></b></p> <p><b>Section 1. Concepts in Nursing Practice</b></p> <p>1 Professional Nursing Practice</p> <p>2 Health Disparities and Culturally Competent Care</p> <p>3 Health History and Physical Examination</p> <p>4 Patient and Caregiver Teaching</p> <p>5 Concept of Disease and Older Adults</p> <p>6 Complementary and Alternative Therapies</p> <p>7 Pain</p> <p>8 Palliative Care at End of Life</p> <b> <p>Section 2. Pathophysiologic Mechanisms of Disease</p></b> <p>9 Inflammation and Wound Healing</p> <p>10 Altered Immune Responses and Transplantation</p> <p>11 Infection and Human Immunodeficiency Virus Infection</p> <p>12 Cancer</p> <p>13 Fluid, Electrolyte, and Acid-Base Imbalances</p> <b> <p>Section 3. Perioperative Care</p></b> <p>14 Preoperative Care </p> <p>15 Intraoperative Care</p> <p>16 Postoperative Care</p> <b> <p>Section 4. Problems Related to Altered Sensory Input</p></b> <p>17 Assessment of Visual and Auditory Systems</p> <p>18 Visual and Auditory Problems</p> <p>19 Assessment of Integumentary System</p> <p>20 Integumentary Problems</p> <p>21 Burns</p> <b> <p>Section 5. Problems of Oxygenation: Ventilation</p></b> <p>22 Assessment of Respiratory System</p> <p>23 Upper Respiratory Problems</p> <p>24 Lower Respiratory Problems</p> <p>25 Obstructive Pulmonary Diseases</p> <b> <p>Section 6. Problems of Oxygenation: Transport</p></b> <p>26 Assessment of Hematologic System</p> <p>27 Hematologic Problems</p> <b> <p>Section 7. Problems of Oxygenation: Perfusion</p></b> <p>28 Assessment of Cardiovascular System</p> <p>29 Hypertension</p> <p>30 Coronary Artery Disease and Acute Coronary Syndrome</p> <p>31 Heart Failure</p> <p>32 Dysrhythmias</p> <p>33 Inflammatory and Structural Heart Disorders</p> <p>34 Vascular Disorders</p> <p>Appendixes</p> <p>Glossary</p> <p>Index</p><b> <p>VOLUME - II</p></b> <b> <p>Section 8. Problems of Ingestion, Digestion, Absorption, and Elimination</p></b> <p>35 Assessment of Gastrointestinal System</p> <p>36 Nutritional Problems</p> <p>37 Obesity</p> <p>38 Upper Gastrointestinal Problems</p> <p>39 Lower Gastrointestinal Problems</p> <p>40 Liver, Pancreas, and Biliary Tract Problems</p> <b> <p>Section 9. Problems of Urinary Function</p></b> <p>41 Assessment of Urinary System</p> <p>42 Renal and Urologic Problems</p> <p>43 Acute Kidney Injury and Chronic Kidney Disease</p> <b> <p>Section 10. Problems Related to Regulatory and Reproductive Mechanisms</p></b> <p>44 Assessment of Endocrine System</p> <p>45 Diabetes Mellitus</p> <p>46 Endocrine Problems</p> <p>47 Assessment of Reproductive System</p> <p>48 Breast Disorders</p> <p>49 Sexually Transmitted Infections</p> <p>50 Female Reproductive and Genital Problems</p> <p>51 Male Reproductive and Genital Problems</p> <b> <p>Section 11. Problems Related to Movement and Coordination</p></b> <p>52 Assessment of Nervous System</p> <p>53 Acute Intracranial Problems</p> <p>54 Stroke</p> <p>55 Chronic Neurologic Problems</p> <p>56 Dementia and Delirium</p> <p>57 Spinal Cord and Peripheral Nerve Problems</p> <p>58 Assessment of Musculoskeletal System</p> <p>59 Musculoskeletal Trauma and Orthopedic Surgery</p> <p>60 Musculoskeletal Problems</p> <p>61 Arthritis and Connective Tissue Diseases</p> <b> <p>Section 12. Nursing Care in Critical Care Settings</p></b> <p>62 Critical Care</p> <p>63 Shock, Sepsis, and Multiple Organ Dysfunction Syndrome</p> <p>64 Acute Respiratory Failure and Acute Respiratory Distress Syndrome</p> <p>65 Emergency and Disaster Nursing</p> <p>Appendixes</p> <p>Glossary</p> <p>Index</p>
=700  1\$aChintamani$eeditor
=700  1\$aMani, Mrinalini,$eeditor.
=859  \\$aELD$bebook
=852  \\$aBritish Library$bHMNTS$cDRT$jELD.DS.322797
=CAT  \\$aBATCH-EBKN$b00$c20180827$lBLL01$h0209
=CAT  \\$aBATCH-UPD$b00$c20180827$lBLL01$h0210
=CAT  \\$aEBKS-FXD$c20180827$lBLL01$h0217
=CAT  \\$aBATCH$b00$c20180827$lBLL01$h0218
=CAT  \\$a7183$b40$c20220110$lBLL01$h1634
=DRT  \\$aLD-ebooks
=SRC  \\$aIngrams
=STA  \\$aSUPPRESSED$bE-content not eligible for Non-Print Legal Deposit
=ONX  \\$aIN
=ONS  \7$aMED$x058220$2bisacsh
=LAS  \\$a7183$b40$c20220110$lBLL01$h1634

