=LDR  01022 am a22003135i 4500
=001  019033731
=003  Uk
=005  20190516113344.0
=006  m\\\\||\\d\|\\\\\\
=007  cr\|||||||||||
=008  180829s2017\\\\xxk|||||o\\\\||||\||eng\\
=FMT  \\$a  BK
=040  \\$aUk$beng$cUk
=245  00$aUpdated short-term traded carbon values :$bUsed for UK Public Policy Appraisal.
=264  \1$a[UK] :$bDepartment for Business, Energy & Industrial Strategy,$c2017.
=300  \\$a1 online resource.
=336  \\$atext$2rdacontent
=337  \\$acomputer$2rdamedia
=338  \\$aonline resource$2rdacarrier
=859  \\$aELD$bebook
=852  \\$aBritish Library$bHMNTS$cDRT$jELD.DS.323353
=CAT  \\$aBATCH-EBKN$b00$c20180829$lBLL01$h0214
=CAT  \\$aEBKS-FXD$c20180829$lBLL01$h0218
=CAT  \\$aBATCH$b00$c20180829$lBLL01$h0218
=CAT  \\$a6790$b40$c20190516$lBLL01$h1133
=DRT  \\$aLD-ebooks
=SRC  \\$aSubmission Portal
=STA  \\$aSUPPRESSED$bRebatched as Serial
=LAS  \\$a6790$b40$c20190516$lBLL01$h1133

