=LDR  01030 am a22003375i 4500
=001  019045202
=003  Uk
=005  20210512082318.0
=006  m\\\\||\\d\|\\\\\\
=007  cr\|||||||||||
=008  180908s2018\\\\xxk|||||o\\\\||||\||eng\\
=FMT  \\$a  BK
=020  \\$a9781912386062
=040  \\$aUk$beng$cUk
=245  00$aA-Z of Plant & Machinery :$b2018-19 Edition.
=264  \1$aChester :$bClaritax Books Ltd,$c[2018].
=300  \\$a1 online resource.
=336  \\$atext$2rdacontent
=337  \\$acomputer$2rdamedia
=338  \\$aonline resource$2rdacarrier
=720  0\$aChidell, Ray; Iles, Jake
=859  \\$aELD$bebook
=852  \\$aBritish Library$bHMNTS$cDRT$jELD.DS.323737
=CAT  \\$aBATCH-EBKN$b00$c20180908$lBLL01$h0200
=CAT  \\$aEBKS-FXD$c20180908$lBLL01$h0206
=CAT  \\$aBATCH$b00$c20180908$lBLL01$h0206
=CAT  \\$a15020$b40$c20210512$lBLL01$h0823
=DRT  \\$aLD-ebooks
=SRC  \\$aSubmission Portal
=STA  \\$aSUPPRESSED$bRebatched as Serial
=LAS  \\$a15020$b40$c20210512$lBLL01$h0823

