=LDR  02937cam a22004095i 4500
=001  019046968
=003  Uk
=005  20220110163623.0
=006  m\\\\||\\d\|\\\\\\
=007  cr\|||||||||||
=008  180907s2018\\\\|||||||fo\\\\||||\||eng\\
=FMT  \\$a  BK
=020  \\$a9788131253465$qEPUB
=020  \\$a8131253465$qEPUB
=037  \\$a9788131253465$bIngram Content Group
=040  \\$aUk$beng$cUk
=100  1\$aGopikrishna, V$eauthor
=245  10$aSturdevant's Art & Science of Operative Dentistry- E Book :$bSecond South Asia Edition /$cV Gopikrishna.
=250  \\$a2nd
=264  \1$bElsevier India,$c2018.
=300  \\$a1 online resource (614 pages).
=336  \\$atext$2rdacontent
=337  \\$acomputer$2rdamedia
=338  \\$aonline resource$2rdacarrier
=505  0\$a<b> <p>1 Clinical Significance of Dental Anatomy, Histology, Physiology, and Occlusion</p> <p>2 Dental Caries: Etiology, Clinical Characteristics, Risk Assessment and Management</p> <p>3 Patient Assessment, Examination, Diagnosis, and Treatment Planning </p> <p>4 Infection Control </p> <p>5 Pain Control for Operative Dentistry </p> <p>6 Dental Biomaterials </p> <p>7 Instruments and Equipment for Tooth Preparation</p> <p>8 Preliminary Considerations for Operative Dentistry </p> <p>9 Dentin Hypersensitivity</p></b> <p>10 <b>Periodontology Applied to Operative Dentistry </b></p> <p><b>11 Fundamentals of Tooth Preparation and Pulp Protection</b></p> <p><b>12 Introduction to Amalgam</b></p> <p><b>13 Clinical Technique for Amalgam Restorations </b></p> <p><b>14 Complex Amalgam Restorations </b></p> <p><b>15 Fundamental Concepts of Enamel and Dentin Adhesion </b></p> <p><b>16 Introduction to Composite Restorations </b></p> <p><b>17 Color and Shade Matching in Operative Dentistry </b></p> <p><b>18 Light Curing in Operative Dentistry </b></p> <p><b>19 Clinical Technique for Direct Composite Resin and Glass Ionomer Restorations</b></p> <p><b>20 Non-carious Lesions and their Management</b></p> <p><b>21 Additional Conservative Esthetic Procedures </b></p> <p><b>22 Digital Dentistry in Operative Dentistry </b></p> <p><b>23 Class II Cast Metal Restorations </b></p> <p><b>24 Direct Gold Restorations </b></p> <p>25 Bonded Splints and Bridges</p> <p><b>SUPPLEMENTAL ONLINE CHAPTERS</b></p> <p><b>26 Class III and V Amalgam Restorations </b>27 Additional Information on Instruments and Equipment for Tooth Preparation</p>
=859  \\$aELD$bebook
=852  \\$aBritish Library$bHMNTS$cDRT$jELD.DS.325105
=CAT  \\$aBATCH-EBKN$b00$c20180910$lBLL01$h0202
=CAT  \\$aEBKS-FXD$c20180910$lBLL01$h0210
=CAT  \\$aBATCH$b00$c20180910$lBLL01$h0211
=CAT  \\$a7183$b40$c20220110$lBLL01$h1636
=DRT  \\$aLD-ebooks
=SRC  \\$aIngrams
=STA  \\$aSUPPRESSED$bE-content not eligible for Non-Print Legal Deposit
=ONX  \\$aIN
=ONS  \7$aMED$x016000$2bisacsh
=LAS  \\$a7183$b40$c20220110$lBLL01$h1636

