=LDR  01005 am a22003135i 4500
=001  019050613
=003  Uk
=005  20190516112502.0
=006  m\\\\||\\d\|\\\\\\
=007  cr\|||||||||||
=008  180912s2013\\\\xxk|||||o\\\\||||\||eng\\
=FMT  \\$a  BK
=040  \\$aUk$beng$cUk
=245  00$aUpdated short-term traded carbon values used for UK public policy appraisal.
=264  \1$aLondon :$bDepartment of Energy & Climate Change,$c2013.
=300  \\$a1 online resource.
=336  \\$atext$2rdacontent
=337  \\$acomputer$2rdamedia
=338  \\$aonline resource$2rdacarrier
=859  \\$aELD$bebook
=852  \\$aBritish Library$bHMNTS$cDRT$jELD.DS.326941
=CAT  \\$aBATCH-EBKN$b00$c20180912$lBLL01$h0202
=CAT  \\$aEBKS-FXD$c20180912$lBLL01$h0214
=CAT  \\$aBATCH$b00$c20180912$lBLL01$h0216
=CAT  \\$a6790$b40$c20190516$lBLL01$h1125
=DRT  \\$aLD-ebooks
=SRC  \\$aSubmission Portal
=STA  \\$aSUPPRESSED$bRebatched as Serial
=LAS  \\$a6790$b40$c20190516$lBLL01$h1125

