=LDR  00974 am a22003135i 4500
=001  019050675
=003  Uk
=005  20211006140910.0
=006  m\\\\||\\d\|\\\\\\
=007  cr\|||||||||||
=008  180912s2018\\\\xxk|||||o\\\\||||\||eng\\
=FMT  \\$a  BK
=040  \\$aUk$beng$cUk
=245  00$aGuide to Offender Management Statistics :$bEngland and Wales.
=264  \1$aLondon :$bMinistry of Justice,$c2018.
=300  \\$a1 online resource.
=336  \\$atext$2rdacontent
=337  \\$acomputer$2rdamedia
=338  \\$aonline resource$2rdacarrier
=859  \\$aELD$bebook
=852  \\$aBritish Library$bHMNTS$cDRT$jELD.DS.327003
=CAT  \\$aBATCH-EBKN$b00$c20180912$lBLL01$h0202
=CAT  \\$aEBKS-FXD$c20180912$lBLL01$h0214
=CAT  \\$aBATCH$b00$c20180912$lBLL01$h0216
=CAT  \\$a14412$b40$c20211006$lBLL01$h1409
=DRT  \\$aLD-ebooks
=SRC  \\$aSubmission Portal
=STA  \\$aSUPPRESSED$bRebatched as Serial
=LAS  \\$a14412$b40$c20211006$lBLL01$h1409

