=LDR  01532cam a22003975i 4500
=001  019053484
=003  Uk
=005  20220110161554.0
=006  m\\\\||\\d\|\\\\\\
=007  cr\|||||||||||
=008  180914s2018\\\\||||||||o\\\\||||\||eng\\
=FMT  \\$a  BK
=020  \\$a9788131253281$qEPUB
=020  \\$a8131253287$qEPUB
=037  \\$a9788131253281$bIngram Content Group
=040  \\$aUk$beng$cUk
=245  00$aNursing Care Planning Resource, Vol. 2: Maternal and Neonatal Health, First South Asia Edition /$cMolly Babu.
=264  \1$bElsevier India,$c2018.
=300  \\$a1 online resource (300 pages).
=336  \\$atext$2rdacontent
=337  \\$acomputer$2rdamedia
=338  \\$aonline resource$2rdacarrier
=505  0\$a<ol><b><li>INTRODUCTION</li> <p><li>NORMAL PREGNANCY</li> <p><li>ABNORMAL PREGNANCY</li> <p><li>4NORMAL LABOUR</li> <p><li>ABNORMAL LABOUR</li> <p><li>ABNORMAL POSTPARTUM</li> <p><li>ABNORMAL NEONATE</li> <p><li>GYNAECOLOGICAL DISORDERS</li> </ol> <p>INDEX</p></b>
=700  1\$aBabu, Molly$eeditor
=859  \\$aELD$bebook
=852  \\$aBritish Library$bHMNTS$cDRT$jELD.DS.328938
=CAT  \\$aBATCH-EBKN$b00$c20180917$lBLL01$h0200
=CAT  \\$aEBKS-FXD$c20180917$lBLL01$h0208
=CAT  \\$aBATCH$b00$c20180917$lBLL01$h0209
=CAT  \\$a7183$b40$c20220110$lBLL01$h1615
=DRT  \\$aLD-ebooks
=SRC  \\$aIngrams
=STA  \\$aSUPPRESSED$bE-content not eligible for Non-Print Legal Deposit
=ONX  \\$aIN
=ONS  \7$aMED$x058140$2bisacsh
=LAS  \\$a7183$b40$c20220110$lBLL01$h1615

