=LDR  01099cam a22003255i 4500
=001  019053616
=003  Uk
=005  20220714140713.0
=006  m\\\\||\\d\|\\\\\\
=007  cr\|||||||||||
=008  180917s2017\\\\xxk|||||o\\\\||||\||eng\\
=FMT  \\$a  BK
=040  \\$aUk$beng$cUk
=245  00$aSocial capital in the UK :$bMay 2017.
=264  \1$aUK :$bOffice for National Statistics,$c2017.
=300  \\$a1 online resource.
=336  \\$atext$2rdacontent
=337  \\$acomputer$2rdamedia
=338  \\$aonline resource$2rdacarrier
=500  \\$aCorrection | Statistical bulletin | 5 May 2017 | On advice of ELD Cat - Treat as Mono | Chosen by London Selector | SW Portal
=859  \\$aELD$bebook
=852  \\$aBritish Library$bHMNTS$cDRT$jELD.DS.329070
=CAT  \\$aBATCH-EBKN$b00$c20180917$lBLL01$h0201
=CAT  \\$aEBKS-FXD$c20180917$lBLL01$h0208
=CAT  \\$aBATCH$b00$c20180917$lBLL01$h0209
=CAT  \\$a11450$b40$c20220714$lBLL01$h1407
=DRT  \\$aLD-ebooks
=SRC  \\$aSubmission Portal
=STA  \\$aSUPPRESSED$bRebatched as Serial
=LAS  \\$a11450$b40$c20220714$lBLL01$h1407

