=LDR  01255cam a22003855i 4500
=001  019056802
=003  Uk
=005  20220110163040.0
=006  m\\\\||\\d\|\\\\\\
=007  cr\|||||||||||
=008  180917s2018\\\\|||||||fo\\\\||||\||eng\\
=FMT  \\$a  BK
=020  \\$a9788131253304$qEPUB
=020  \\$a8131253309$qEPUB
=037  \\$a9788131253304$bIngram Content Group
=040  \\$aUk$beng$cUk
=245  00$aNursing Care Planning Resource, Volume 3: Child and Neonatal Health, 1st South Asia Edition /$cC.N. Bhargavi.
=264  \1$bElsevier India,$c2018.
=300  \\$a1 online resource (300 pages).
=336  \\$atext$2rdacontent
=337  \\$acomputer$2rdamedia
=338  \\$aonline resource$2rdacarrier
=700  1\$aBhargavi, C. N.$eeditor
=859  \\$aELD$bebook
=852  \\$aBritish Library$bHMNTS$cDRT$jELD.DS.329689
=CAT  \\$aBATCH-EBKN$b00$c20180920$lBLL01$h0202
=CAT  \\$aEBKS-FXD$c20180920$lBLL01$h0211
=CAT  \\$aBATCH$b00$c20180920$lBLL01$h0212
=CAT  \\$a7183$b40$c20220110$lBLL01$h1630
=DRT  \\$aLD-ebooks
=SRC  \\$aIngrams
=STA  \\$aSUPPRESSED$bE-content not eligible for Non-Print Legal Deposit
=ONX  \\$aIN
=ONS  \7$aMED$x058140$2bisacsh
=LAS  \\$a7183$b40$c20220110$lBLL01$h1630

