=LDR  01328 am a22003735i 4500
=001  019059346
=003  Uk
=005  20181002092108.0
=006  m\\\\||\\d\|\\\\\\
=007  cr\|||||||||||
=008  180906s2018\\\\xxk|||||o\\\\||||\||eng\\
=FMT  \\$a  BK
=020  \\$a9781909276970$qElectronic book (PDF format)
=037  \\$acomics_digital669a$bComichaus.com
=040  \\$aUk$beng$cUk
=245  00$aGangster Hamsters /$cAnthony Smith.
=264  \1$a[United Kingdom] :$bMarkosia,$c2018.
=300  \\$a1 online resource (85 pages).
=336  \\$atext$2rdacontent
=337  \\$acomputer$2rdamedia
=338  \\$aonline resource$2rdacarrier
=720  \\$aSmith, Anthony,$eauthor.
=720  \\$aSmith, Anthony,$eillustrator.
=884  \\$aLDL ebooks ONIX to marcxml transformation using Record_Load-eBooks_Legal_Deposit_onix2marc_v2-1.xsl$g20180906$kcomics_digital669a$qUk
=859  \\$aELD$bebook
=852  \\$aBritish Library$bHMNTS$cDRT$jELD.DS.329877
=CAT  \\$aBATCH-EBKN$b00$c20180921$lBLL01$h0200
=CAT  \\$aEBKS-FXD$c20180921$lBLL01$h0207
=CAT  \\$aBATCH$b00$c20180921$lBLL01$h0207
=CAT  \\$a11279$b40$c20181002$lBLL01$h0921
=DRT  \\$aLD-ebooks
=SRC  \\$aCollection Metadata
=STA  \\$aSUPPRESSED$bTake down request from publisher 2/10/18
=LAS  \\$a11279$b40$c20181002$lBLL01$h0921

