=LDR  01367 am a22003855i 4500
=001  019059347
=003  Uk
=005  20181002092043.0
=006  m\\\\||\\d\|\\\\\\
=007  cr\|||||||||||
=008  180906s2018\\\\xxk|||||o\\\\||||\||eng\\
=FMT  \\$a  BK
=020  \\$z9781905692804$q(print)
=037  \\$acomics_digital646a$bComichaus.com
=040  \\$aUk$beng$cUk
=245  00$aDinoCorps /$cBob Molesworth, Andy Briggs, Steve Horvath.
=264  \1$a[United Kingdom] :$bMarkosia,$c2018.
=300  \\$a1 online resource (97 pages).
=336  \\$atext$2rdacontent
=337  \\$acomputer$2rdamedia
=338  \\$aonline resource$2rdacarrier
=720  \\$aSteve Horvath$eauthor.
=720  \\$aBob Molesworth$eillustrator.
=720  \\$aAndy Briggs$eillustrator.
=884  \\$aLDL ebooks ONIX to marcxml transformation using Record_Load-eBooks_Legal_Deposit_onix2marc_v2-1.xsl$g20180906$kcomics_digital646a$qUk
=859  \\$aELD$bebook
=852  \\$aBritish Library$bHMNTS$cDRT$jELD.DS.329878
=CAT  \\$aBATCH-EBKN$b00$c20180921$lBLL01$h0200
=CAT  \\$aEBKS-FXD$c20180921$lBLL01$h0207
=CAT  \\$aBATCH$b00$c20180921$lBLL01$h0207
=CAT  \\$a11279$b40$c20181002$lBLL01$h0920
=DRT  \\$aLD-ebooks
=SRC  \\$aCollection Metadata
=STA  \\$aSUPPRESSED$bTake down request from publisher 2/10/18
=LAS  \\$a11279$b40$c20181002$lBLL01$h0920

