=LDR  01293 am a22003735i 4500
=001  019059349
=003  Uk
=005  20181002092021.0
=006  m\\\\||\\d\|\\\\\\
=007  cr\|||||||||||
=008  180906s2018\\\\xxk|||||o\\\\||||\||eng\\
=FMT  \\$a  BK
=020  \\$z9781905692392$q(print)
=037  \\$acomics_digital673a$bComichaus.com
=040  \\$aUk$beng$cUk
=245  00$aFractures /$cChris Gajda.
=264  \1$a[United Kingdom] :$bMarkosia,$c2018.
=300  \\$a1 online resource (65 pages).
=336  \\$atext$2rdacontent
=337  \\$acomputer$2rdamedia
=338  \\$aonline resource$2rdacarrier
=720  \\$aGajda, Chris,$eauthor.
=720  \\$aGajda, Chris,$eillustrator.
=884  \\$aLDL ebooks ONIX to marcxml transformation using Record_Load-eBooks_Legal_Deposit_onix2marc_v2-1.xsl$g20180906$kcomics_digital673a$qUk
=859  \\$aELD$bebook
=852  \\$aBritish Library$bHMNTS$cDRT$jELD.DS.329880
=CAT  \\$aBATCH-EBKN$b00$c20180921$lBLL01$h0200
=CAT  \\$aEBKS-FXD$c20180921$lBLL01$h0207
=CAT  \\$aBATCH$b00$c20180921$lBLL01$h0207
=CAT  \\$a11279$b40$c20181002$lBLL01$h0920
=DRT  \\$aLD-ebooks
=SRC  \\$aCollection Metadata
=STA  \\$aSUPPRESSED$bTake down request from publisher 2/10/18
=LAS  \\$a11279$b40$c20181002$lBLL01$h0920

