=LDR  01001 am a22003255i 4500
=001  019059385
=003  Uk
=005  20191114084541.0
=006  m\\\\||\\d\|\\\\\\
=007  cr\|||||||||||
=008  180921s2018\\\\xxk|||||o\\\\||||\||eng\\
=FMT  \\$a  BK
=040  \\$aUk$beng$cUk
=245  00$aParliamentary Monitor 2018.
=264  \1$a[UK] :$bInstitute for Government,$c2018.
=300  \\$a1 online resource.
=336  \\$atext$2rdacontent
=337  \\$acomputer$2rdamedia
=338  \\$aonline resource$2rdacarrier
=720  0\$aLilly, Alice; White, Hannah; Haigh, Jenny
=859  \\$aELD$bebook
=852  \\$aBritish Library$bHMNTS$cDRT$jELD.DS.329916
=CAT  \\$aBATCH-EBKN$b00$c20180921$lBLL01$h0200
=CAT  \\$aEBKS-FXD$c20180921$lBLL01$h0207
=CAT  \\$aBATCH$b00$c20180921$lBLL01$h0207
=CAT  \\$a11450$b40$c20191114$lBLL01$h0845
=DRT  \\$aLD-ebooks
=SRC  \\$aSubmission Portal
=STA  \\$aSUPPRESSED$bRebatched as Serial
=LAS  \\$a11450$b40$c20191114$lBLL01$h0845

