=LDR  01540 am a22003975i 4500
=001  019060578
=003  Uk
=005  20190130151934.0
=006  m\\\\||\\d\|\\\\\\
=007  cr\|||||||||||
=008  180918s2018\\\\nik|||||o||||f||||||eng|d
=FMT  \\$a  BK
=037  \\$aNIOPA_7715$bQueen's University Belfast$nNorthern Ireland Official Publications Repository
=040  \\$aNiBfQU$beng$cNiBfQU$dUk$erda
=110  1\$aNorthern Ireland.$bDepartment for Infrastructure,$eauthor.
=245  10$aMinor Road Junction Proposals :$b[A1 Junctions Phase 2 - Route Map].
=264  \1$aNorthern Ireland :$b[Department for Infrastructure],$c[2018].
=300  \\$a1 online resource.
=336  \\$atext$2rdacontent
=337  \\$acomputer$2rdamedia
=338  \\$aonline resource$2rdacarrier
=650  \7$aRoads.$2fast$0(OCoLC)fst01098511.
=651  \7$aNorthern Ireland.$2fast$0(OCoLC)fst01205215.
=655  \0$aGovernment publications.
=884  \\$aLDL ebooks transformation to marcxml using queens_eb2marc.xsl$g20180920$kNIOPA_7715$qUk
=859  \\$aELD$bebook
=852  \\$aBritish Library$bHMNTS$cDRT$jELD.DS.330359
=CAT  \\$aBATCH-EBKN$b00$c20180923$lBLL01$h0201
=CAT  \\$aEBKS-FXD$c20180923$lBLL01$h0208
=CAT  \\$aBATCH$b00$c20180923$lBLL01$h0208
=CAT  \\$a6550$b40$c20181012$lBLL01$h1001
=CAT  \\$aW1810-2165$c20190130$lBLL01$h1519
=DRT  \\$aLD-ebooks
=SRC  \\$aCollection Metadata
=STA  \\$aSUPPRESSED$bSuppressed by MQ at request of Patrick Casey
=LAS  \\$aW1810-2165$b00$c20190130$lBLL01$h1519

