=LDR  00981 am a22003255i 4500
=001  019066409
=003  Uk
=005  20181019142828.0
=006  m\\\\||\\d\|\\\\\\
=007  cr\|||||||||||
=008  181001s2013\\\\xxk|||||o\\\\||||\||eng\\
=FMT  \\$a  BK
=040  \\$aUk$beng$cUk
=245  00$aMid Year Report to Parliament.
=264  \1$a[London] :$bDepartment for Transport,$c2013.
=300  \\$a1 online resource.
=336  \\$atext$2rdacontent
=337  \\$acomputer$2rdamedia
=338  \\$aonline resource$2rdacarrier
=720  0\$aPhilip Rutnam
=859  \\$aELD$bebook
=852  \\$aBritish Library$bHMNTS$cDRT$jELD.DS.332727
=CAT  \\$aBATCH-EBKN$b00$c20181001$lBLL01$h0202
=CAT  \\$aEBKS-FXD$c20181001$lBLL01$h0211
=CAT  \\$aBATCH$b00$c20181001$lBLL01$h0212
=CAT  \\$a14586$b40$c20181019$lBLL01$h1428
=DRT  \\$aLD-ebooks
=SRC  \\$aSubmission Portal
=STA  \\$aSUPPRESSED$bRe-batched as Serial
=LAS  \\$a14586$b40$c20181019$lBLL01$h1428

