=LDR  00971 am a22003255i 4500
=001  019084737
=003  Uk
=005  20190703121914.0
=006  m\\\\||\\d\|\\\\\\
=007  cr\|||||||||||
=008  181014s2018\\\\xxk|||||o\\\\||||\||eng\\
=FMT  \\$a  BK
=040  \\$aUk$beng$cUk
=245  00$aSlingshot 319.
=264  \1$aUnited Kingdom :$bSociety of Ancients,$c2018.
=300  \\$a1 online resource.
=336  \\$atext$2rdacontent
=337  \\$acomputer$2rdamedia
=338  \\$aonline resource$2rdacarrier
=720  0\$aSociety of Ancients
=859  \\$aELD$bebook
=852  \\$aBritish Library$bHMNTS$cDRT$jELD.DS.338099
=CAT  \\$aBATCH-EBKN$b00$c20181014$lBLL01$h0201
=CAT  \\$aEBKS-FXD$c20181014$lBLL01$h0213
=CAT  \\$aBATCH$b00$c20181014$lBLL01$h0214
=CAT  \\$a14586$b40$c20190703$lBLL01$h1219
=DRT  \\$aLD-ebooks
=SRC  \\$aSubmission Portal
=STA  \\$aSUPPRESSED$bRebatched as Serial
=LAS  \\$a14586$b40$c20190703$lBLL01$h1219

