=LDR  01606 am a22003975i 4500
=001  019090912
=003  Uk
=005  20190130151934.0
=006  m\\\\||\\d\|\\\\\\
=007  cr\|||||||||||
=008  181015s2017\\\\nik|||||o||||f||||||eng|d
=FMT  \\$a  BK
=037  \\$aNIOPA_7773$bQueen's University Belfast$nNorthern Ireland Official Publications Repository
=040  \\$aNiBfQU$beng$cNiBfQU$dUk$erda
=110  2\$aNorthern Ireland Commissioner for Children and Young People,$eauthor.
=245  10$aSecond Composite CSE Implementation Plan Progress Report 1st October 2015 to 30th June 2016.
=264  \1$aNorthern Ireland :$bNorthern Ireland Commissioner for Children and Young People,$c[2017].
=300  \\$a1 online resource.
=336  \\$atext$2rdacontent
=337  \\$acomputer$2rdamedia
=338  \\$aonline resource$2rdacarrier
=650  \7$aChildren.$2fast$0(OCoLC)fst00854835.
=651  \7$aNorthern Ireland.$2fast$0(OCoLC)fst01205215.
=655  \0$aGovernment publications.
=884  \\$aLDL ebooks transformation to marcxml using queens_eb2marc.xsl$g20181017$kNIOPA_7773$qUk
=859  \\$aELD$bebook
=852  \\$aBritish Library$bHMNTS$cDRT$jELD.DS.340129
=CAT  \\$aBATCH-EBKN$b00$c20181020$lBLL01$h0202
=CAT  \\$aEBKS-FXD$c20181020$lBLL01$h0219
=CAT  \\$aBATCH$b00$c20181020$lBLL01$h0221
=CAT  \\$a8874$b40$c20181026$lBLL01$h0726
=CAT  \\$aW1810-2165$c20190130$lBLL01$h1519
=DRT  \\$aLD-ebooks
=SRC  \\$aCollection Metadata
=STA  \\$aSUPPRESSED$bSuppressed by MQ at request of Patrick Casey
=LAS  \\$aW1810-2165$b00$c20190130$lBLL01$h1519

