=LDR  01662 am a22004095i 4500
=001  019090918
=003  Uk
=005  20190130151934.0
=006  m\\\\||\\d\|\\\\\\
=007  cr\|||||||||||
=008  181015s2017\\\\nik|||||o||||f||||||eng|d
=FMT  \\$a  BK
=037  \\$aNIOPA_7732$bQueen's University Belfast$nNorthern Ireland Official Publications Repository
=040  \\$aNiBfQU$beng$cNiBfQU$dUk$erda
=110  2\$aNorthern Ireland Guardian Ad Litem Agency,$eauthor.
=245  10$aEquality and Disability Action Plans 2018-2023 :$bEquality, Good Relations and Human Rights : Screening Template.
=264  \1$aNorthern Ireland :$bNorthern Ireland Guardian Ad Litem Agency,$c2017.
=300  \\$a1 online resource.
=336  \\$atext$2rdacontent
=337  \\$acomputer$2rdamedia
=338  \\$aonline resource$2rdacarrier
=650  \7$aHuman rights.$2fast$0(OCoLC)fst00963285.
=650  \7$aPeople with disabilities.$2fast$0(OCoLC)fst01057245.
=651  \7$aNorthern Ireland.$2fast$0(OCoLC)fst01205215.
=655  \0$aGovernment publications.
=884  \\$aLDL ebooks transformation to marcxml using queens_eb2marc.xsl$g20181017$kNIOPA_7732$qUk
=859  \\$aELD$bebook
=852  \\$aBritish Library$bHMNTS$cDRT$jELD.DS.340135
=CAT  \\$aBATCH-EBKN$b00$c20181020$lBLL01$h0202
=CAT  \\$aEBKS-FXD$c20181020$lBLL01$h0219
=CAT  \\$aBATCH$b00$c20181020$lBLL01$h0221
=CAT  \\$a8874$b40$c20181026$lBLL01$h0725
=CAT  \\$aW1810-2165$c20190130$lBLL01$h1519
=DRT  \\$aLD-ebooks
=SRC  \\$aCollection Metadata
=STA  \\$aSUPPRESSED$bSuppressed by MQ at request of Patrick Casey
=LAS  \\$aW1810-2165$b00$c20190130$lBLL01$h1519

