=LDR  01105 am a22003255i 4500
=001  019094414
=003  Uk
=005  20190319121603.0
=006  m\\\\||\\d\|\\\\\\
=007  cr\|||||||||||
=008  181022s2017\\\\xxk|||||o\\\\||||\||eng\\
=FMT  \\$a  BK
=040  \\$aUk$beng$cUk
=245  00$aResearch Outputs :$bSubnational dwelling stock by tenure estimates, England, 2012 to 2015.
=264  \1$aUK :$bOffice for National Statistics,$c2017.
=300  \\$a1 online resource.
=336  \\$atext$2rdacontent
=337  \\$acomputer$2rdamedia
=338  \\$aonline resource$2rdacarrier
=500  \\$aChosen by London Selector | On advice of ELD Cat - Treat as Mono
=859  \\$aELD$bebook
=852  \\$aBritish Library$bHMNTS$cDRT$jELD.DS.341964
=CAT  \\$aBATCH-EBKN$b00$c20181022$lBLL01$h0201
=CAT  \\$aEBKS-FXD$c20181022$lBLL01$h0209
=CAT  \\$aBATCH$b00$c20181022$lBLL01$h0209
=CAT  \\$a10902$b40$c20190319$lBLL01$h1216
=DRT  \\$aLD-ebooks
=SRC  \\$aSubmission Portal
=STA  \\$aSUPPRESSED$bNow treated as serial (019305956)
=LAS  \\$a10902$b40$c20190319$lBLL01$h1216

