=LDR  01082 am a22003375i 4500
=001  019094488
=003  Uk
=005  20190501121136.0
=006  m\\\\||\\d\|\\\\\\
=007  cr\|||||||||||
=008  181022s2014\\\\xxk|||||o\\\\||||\||eng\\
=FMT  \\$a  BK
=040  \\$aUk$beng$cUk
=245  00$aProducer Price Index Standard Errors 2014.
=264  \1$aUK :$bOffice for National Statistics,$c2014.
=300  \\$a1 online resource.
=336  \\$atext$2rdacontent
=337  \\$acomputer$2rdamedia
=338  \\$aonline resource$2rdacarrier
=500  \\$a17 June 2014 | Chosen by London Selector
=720  0\$aReynolds, Harry; Pegler, Kat; Bucknall, Robert
=859  \\$aELD$bebook
=852  \\$aBritish Library$bHMNTS$cDRT$jELD.DS.342038
=CAT  \\$aBATCH-EBKN$b00$c20181022$lBLL01$h0202
=CAT  \\$aEBKS-FXD$c20181022$lBLL01$h0209
=CAT  \\$aBATCH$b00$c20181022$lBLL01$h0209
=CAT  \\$a10902$b40$c20190501$lBLL01$h1211
=DRT  \\$aLD-ebooks
=SRC  \\$aSubmission Portal
=STA  \\$aSUPPRESSED$bRebatched as Serial
=LAS  \\$a10902$b40$c20190501$lBLL01$h1211

