=LDR  01051 am a22003255i 4500
=001  019097464
=003  Uk
=005  20200805135406.0
=006  m\\\\||\\d\|\\\\\\
=007  cr\|||||||||||
=008  181025s2018\\\\xxk|||||o\\\\||||\||eng\\
=FMT  \\$a  BK
=020  \\$a9781848079199
=040  \\$aUk$beng$cUk
=245  00$aNorthern Ireland Register of Pre-Basic and Basic Seed Potato Crops 2018.
=264  \1$a[UK] :$bDepartment of Agriculture, Environment and Rural Affairs,$c2018.
=300  \\$a1 online resource.
=336  \\$atext$2rdacontent
=337  \\$acomputer$2rdamedia
=338  \\$aonline resource$2rdacarrier
=859  \\$aELD$bebook
=852  \\$aBritish Library$bHMNTS$cDRT$jELD.DS.342831
=CAT  \\$aBATCH-EBKN$b00$c20181025$lBLL01$h0214
=CAT  \\$aEBKS-FXD$c20181025$lBLL01$h0224
=CAT  \\$aBATCH$b00$c20181025$lBLL01$h0225
=CAT  \\$a15020$b40$c20200805$lBLL01$h1354
=DRT  \\$aLD-ebooks
=SRC  \\$aSubmission Portal
=STA  \\$aSUPPRESSED$bRe-batched as Serial
=LAS  \\$a15020$b40$c20200805$lBLL01$h1354

