=LDR  01111 am a22003375i 4500
=001  019111381
=003  Uk
=005  20190306153529.0
=006  m\\\\||\\d\|\\\\\\
=007  cr\|||||||||||
=008  181104s2017\\\\xxk|||||o\\\\||||\||eng\\
=FMT  \\$a  BK
=040  \\$aUk$beng$cUk
=245  00$aConsumption per head in the UK is fourth highest in the EU.
=264  \1$aUK :$bOffice for National Statistics,$c2017.
=300  \\$a1 online resource.
=336  \\$atext$2rdacontent
=337  \\$acomputer$2rdamedia
=338  \\$aonline resource$2rdacarrier
=500  \\$aStatistical bulletin | 15 December 2017 | Chosen by London Selector
=859  \\$aELD$bebook
=852  \\$aBritish Library$bHMNTS$cDRT$jELD.DS.348709
=CAT  \\$aBATCH-EBKN$b00$c20181104$lBLL01$h0201
=CAT  \\$aEBKS-FXD$c20181104$lBLL01$h0209
=CAT  \\$aBATCH$b00$c20181104$lBLL01$h0210
=CAT  \\$a8311$b40$c20190306$lBLL01$h1534
=CAT  \\$a8311$b40$c20190306$lBLL01$h1535
=DRT  \\$aLD-ebooks
=SRC  \\$aSubmission Portal
=STA  \\$aSUPPRESSED$bRebatched as a Serial
=LAS  \\$a8311$b40$c20190306$lBLL01$h1535

