=LDR  01107 am a22003255i 4500
=001  019111418
=003  Uk
=005  20190213103542.0
=006  m\\\\||\\d\|\\\\\\
=007  cr\|||||||||||
=008  181104s2017\\\\xxk|||||o\\\\||||\||eng\\
=FMT  \\$a  BK
=040  \\$aUk$beng$cUk
=245  00$aEconomic Statistics Transformation Programme :$benhanced financial accounts (UK flow of funds) - 2017 matrix update.
=264  \1$aUK :$bOffice for National Statistics,$c2017.
=300  \\$a1 online resource.
=336  \\$atext$2rdacontent
=337  \\$acomputer$2rdamedia
=338  \\$aonline resource$2rdacarrier
=500  \\$aArticle | 17 November 2017 | Chosen by London Selector
=859  \\$aELD$bebook
=852  \\$aBritish Library$bHMNTS$cDRT$jELD.DS.348746
=CAT  \\$aBATCH-EBKN$b00$c20181104$lBLL01$h0201
=CAT  \\$aEBKS-FXD$c20181104$lBLL01$h0209
=CAT  \\$aBATCH$b00$c20181104$lBLL01$h0210
=CAT  \\$a11450$b40$c20190213$lBLL01$h1035
=DRT  \\$aLD-ebooks
=SRC  \\$aSubmission Portal
=STA  \\$aSUPPRESSED$bRebatched as Serial
=LAS  \\$a11450$b40$c20190213$lBLL01$h1035

