=LDR  00964cam a22003135i 4500
=001  019119652
=003  Uk
=005  20230731124836.0
=006  m\\\\||\\d\|\\\\\\
=007  cr\|||||||||||
=008  181109s2014\\\\xxk|||||o\\\\||||\||eng\\
=FMT  \\$a  BK
=040  \\$aUk$beng$cUk
=245  00$aMeasuring Tax Gaps :$bBackground Quality Report.
=264  \1$a[UK] :$b[HM Revenue & Customs],$c[2014].
=300  \\$a1 online resource.
=336  \\$atext$2rdacontent
=337  \\$acomputer$2rdamedia
=338  \\$aonline resource$2rdacarrier
=859  \\$aELD$bebook
=852  \\$aBritish Library$bHMNTS$cDRT$jELD.DS.351184
=CAT  \\$aBATCH-EBKN$b00$c20181109$lBLL01$h0208
=CAT  \\$aEBKS-FXD$c20181109$lBLL01$h0212
=CAT  \\$aBATCH$b00$c20181109$lBLL01$h0213
=CAT  \\$a15190$b40$c20230731$lBLL01$h1248
=DRT  \\$aLD-ebooks
=SRC  \\$aSubmission Portal
=STA  \\$aSUPPRESSED$bRebatched as Serial
=LAS  \\$a15190$b40$c20230731$lBLL01$h1248

