=LDR  00952 am a22003135i 4500
=001  019130044
=003  Uk
=005  20211006140737.0
=006  m\\\\||\\d\|\\\\\\
=007  cr\|||||||||||
=008  181119s2018\\\\xxk|||||o\\\\||||\||eng\\
=FMT  \\$a  BK
=040  \\$aUk$beng$cUk
=245  00$aGuide to Offender Management Statistics.
=264  \1$aLonon :$bMinistry of Justice,$c2018.
=300  \\$a1 online resource.
=336  \\$atext$2rdacontent
=337  \\$acomputer$2rdamedia
=338  \\$aonline resource$2rdacarrier
=859  \\$aELD$bebook
=852  \\$aBritish Library$bHMNTS$cDRT$jELD.DS.356248
=CAT  \\$aBATCH-EBKN$b00$c20181119$lBLL01$h0203
=CAT  \\$aEBKS-FXD$c20181119$lBLL01$h0208
=CAT  \\$aBATCH$b00$c20181119$lBLL01$h0210
=CAT  \\$a14412$b40$c20211006$lBLL01$h1407
=DRT  \\$aLD-ebooks
=SRC  \\$aSubmission Portal
=STA  \\$aSUPPRESSED$bRebatched as Serial
=LAS  \\$a14412$b40$c20211006$lBLL01$h1407

