=LDR  01723 am a22003975i 4500
=001  019135572
=003  Uk
=005  20190130151936.0
=006  m\\\\||\\d\|\\\\\\
=007  cr\|||||||||||
=008  181115s2015\\\\nik|||||o||||f||||||eng|d
=FMT  \\$a  BK
=037  \\$aNIOPA_5482$bQueen's University Belfast$nNorthern Ireland Official Publications Repository
=040  \\$aNiBfQU$beng$cNiBfQU$dUk$erda
=110  1\$aNorthern Ireland.$bHuman Rights Commission,$eauthor.
=245  10$a16th Report of the United Kingdom Under the International Convention on the Elimination of All Forms of Racial Discrimination :$bSubmission by the Northern Ireland Human Rights Commission to United Nations Committee on the Elimination of Racial Discrimination.
=264  \1$aBelfast :$bNorthern Ireland Human Rights Commission,$c[2015]
=300  \\$a1 online resource.
=336  \\$atext$2rdacontent
=337  \\$acomputer$2rdamedia
=338  \\$aonline resource$2rdacarrier
=650  \7$aHuman rights.$2fast$0(OCoLC)fst00963285.
=651  \7$aNorthern Ireland.$2fast$0(OCoLC)fst01205215.
=655  \0$aGovernment publications.
=884  \\$aLDL ebooks transformation to marcxml using queens_eb2marc.xsl$g20181119$kNIOPA_5482$qUk
=859  \\$aELD$bebook
=852  \\$aBritish Library$bHMNTS$cDRT$jELD.DS.356454
=CAT  \\$aBATCH-EBKN$b00$c20181122$lBLL01$h0218
=CAT  \\$aEBKS-FXD$c20181122$lBLL01$h0237
=CAT  \\$aBATCH$b00$c20181122$lBLL01$h0241
=CAT  \\$a8874$b40$c20181213$lBLL01$h0803
=CAT  \\$aW1810-2165$c20190130$lBLL01$h1519
=DRT  \\$aLD-ebooks
=SRC  \\$aCollection Metadata
=STA  \\$aSUPPRESSED$bThis was published in 2003 not 2015
=LAS  \\$aW1810-2165$b00$c20190130$lBLL01$h1519

