=LDR  01731 am a22004335i 4500
=001  019136561
=003  Uk
=005  20190130151936.0
=006  m\\\\||\\d\|\\\\\\
=007  cr\|||||||||||
=008  181115s2016\\\\nik|||||o||||f||||||eng|d
=FMT  \\$a  BK
=020  \\$a9781848076969
=037  \\$aNIOPA_5159$bQueen's University Belfast$nNorthern Ireland Official Publications Repository
=040  \\$aNiBfQU$beng$cNiBfQU$dUk$erda
=110  1\$aNorthern Ireland.$bMarine and Fisheries Division,$eauthor.
=245  10$aWaterfoot Marine Conservation Zone (MCZ) :$bConservation Objectives and Potential Management Options.
=250  \\$aVersion 4.0.
=264  \1$aBelfast :$bDepartment of Agriculture, Environment and Rural Affairs,$c2016.
=300  \\$a1 online resource.
=336  \\$atext$2rdacontent
=337  \\$acomputer$2rdamedia
=338  \\$aonline resource$2rdacarrier
=650  \7$aEnvironmental policy.$2fast$0(OCoLC)fst00913250.
=651  \7$aNorthern Ireland.$2fast$0(OCoLC)fst01205215.
=655  \0$aGovernment publications.
=884  \\$aLDL ebooks transformation to marcxml using queens_eb2marc.xsl$g20181119$kNIOPA_5159$qUk
=859  \\$aELD$bebook
=852  \\$aBritish Library$bHMNTS$cDRT$jELD.DS.357443
=985  \\$aResubmitted eBook record match on ISBN to existing record 018871666
=CAT  \\$aBATCH-EBKN$b00$c20181122$lBLL01$h0227
=CAT  \\$aEBKS-FXD$c20181122$lBLL01$h0238
=CAT  \\$aBATCH$b00$c20181122$lBLL01$h0241
=CAT  \\$a8874$b40$c20181213$lBLL01$h0800
=CAT  \\$aW1810-2165$c20190130$lBLL01$h1519
=DRT  \\$aLD-ebooks
=SRC  \\$aCollection Metadata
=STA  \\$aSUPPRESSED$bDuplicate of Aleph # 018871666
=LAS  \\$aW1810-2165$b00$c20190130$lBLL01$h1519

