=LDR  01111 am a22003255i 4500
=001  019144470
=003  Uk
=005  20200116075911.0
=006  m\\\\||\\d\|\\\\\\
=007  cr\|||||||||||
=008  181129s2018\\\\xxk|||||o\\\\||||\||eng\\
=FMT  \\$a  BK
=040  \\$aUk$beng$cUk
=245  00$aUnited Kingdom extractive industries transparency initiative (UK EITI) :$bUK EITI Report for 2016.
=264  \1$a[UK] :$bUnited Kingdom extractive industries transparency initiative,$c2018.
=300  \\$a1 online resource.
=336  \\$atext$2rdacontent
=337  \\$acomputer$2rdamedia
=338  \\$aonline resource$2rdacarrier
=500  \\$aApril 2018 (updated October 2018)MBS Portal
=859  \\$aELD$bebook
=852  \\$aBritish Library$bHMNTS$cDRT$jELD.DS.360928
=CAT  \\$aBATCH-EBKN$b00$c20181129$lBLL01$h0202
=CAT  \\$aEBKS-FXD$c20181129$lBLL01$h0210
=CAT  \\$aBATCH$b00$c20181129$lBLL01$h0211
=CAT  \\$a15020$b40$c20200116$lBLL01$h0759
=DRT  \\$aLD-ebooks
=SRC  \\$aSubmission Portal
=STA  \\$aSUPPRESSED$bRe-batched as Serial
=LAS  \\$a15020$b40$c20200116$lBLL01$h0759

