=LDR  01071 am a22003375i 4500
=001  019146556
=003  Uk
=005  20181203100531.0
=006  m\\\\||\\d\|\\\\\\
=007  cr\|||||||||||
=008  181130s2018\\\\xxk|||||o\\\\||||\||eng\\
=FMT  \\$a  BK
=040  \\$aUk$beng$cUk
=245  00$aA Christmas Most Foul :$bA collection of Christmas mysteries.
=264  \1$aLondon :$bAgora Books,$c2018.
=300  \\$a1 online resource.
=336  \\$atext$2rdacontent
=337  \\$acomputer$2rdamedia
=338  \\$aonline resource$2rdacarrier
=500  \\$aA collection of Christmas mysteries
=720  0\$aCrime Classics
=859  \\$aELD$bebook
=852  \\$aBritish Library$bHMNTS$cDRT$jELD.DS.361951
=CAT  \\$aBATCH-EBKN$b00$c20181130$lBLL01$h0212
=CAT  \\$aEBKS-FXD$c20181130$lBLL01$h0219
=CAT  \\$aBATCH$b00$c20181130$lBLL01$h0221
=CAT  \\$a11279$b40$c20181203$lBLL01$h1005
=DRT  \\$aLD-ebooks
=SRC  \\$aSubmission Portal
=STA  \\$aSUPPRESSED$bTake down request from publisher 30/11/18
=LAS  \\$a11279$b40$c20181203$lBLL01$h1005

