=LDR  01058 am a22003495i 4500
=001  019154741
=003  Uk
=005  20190204104934.0
=006  m\\\\||\\d\|\\\\\\
=007  cr\|||||||||||
=008  181203s2013\\\\xxk|||||o\\\\||||\||eng\\
=FMT  \\$a  BK
=040  \\$aUk$beng$cUk
=245  00$aConfectionery :$bMarket Report Plus 2013.
=250  \\$a31
=264  \1$aRichmond Upon Thames :$bKey Note Ltd,$c2013.
=300  \\$a1 online resource.
=336  \\$atext$2rdacontent
=337  \\$acomputer$2rdamedia
=338  \\$aonline resource$2rdacarrier
=720  0\$aHughes, Katie$c(Editor).
=859  \\$aELD$bebook
=852  \\$aBritish Library$bHMNTS$cDRT$jELD.DS.364141
=CAT  \\$aBATCH-EBKN$b00$c20181203$lBLL01$h0202
=CAT  \\$aEBKS-FXD$c20181203$lBLL01$h0208
=CAT  \\$aBATCH$b00$c20181203$lBLL01$h0209
=CAT  \\$a10983$b40$c20190204$lBLL01$h1049
=CAT  \\$a5100$b40$c20190723$lBLL01$h1420
=DRT  \\$aLD-ebooks
=SRC  \\$aSubmission Portal
=STA  \\$aSUPPRESSED$bDuplicate
=LAS  \\$a5100$b40$c20190723$lBLL01$h1420

