=LDR  00971 am a22003375i 4500
=001  019154762
=003  Uk
=005  20190311090610.0
=006  m\\\\||\\d\|\\\\\\
=007  cr\|||||||||||
=008  181203s2013\\\\xxk|||||o\\\\||||\||eng\\
=FMT  \\$a  BK
=040  \\$aUk$beng$cUk
=245  00$aMetal Recycling.
=250  \\$a7
=264  \1$aRichmond Upon Thames :$bKey Note Ltd,$c2013.
=300  \\$a1 online resource.
=336  \\$atext$2rdacontent
=337  \\$acomputer$2rdamedia
=338  \\$aonline resource$2rdacarrier
=720  0\$aTutt, Leah
=859  \\$aELD$bebook
=852  \\$aBritish Library$bHMNTS$cDRT$jELD.DS.364162
=CAT  \\$aBATCH-EBKN$b00$c20181203$lBLL01$h0202
=CAT  \\$aEBKS-FXD$c20181203$lBLL01$h0208
=CAT  \\$aBATCH$b00$c20181203$lBLL01$h0209
=CAT  \\$a10983$b40$c20190311$lBLL01$h0906
=DRT  \\$aLD-ebooks
=SRC  \\$aSubmission Portal
=STA  \\$aSUPPRESSED$bDuplicate
=LAS  \\$a10983$b40$c20190311$lBLL01$h0906

