=LDR  01124 am a22003255i 4500
=001  019169534
=003  Uk
=005  20200220113257.0
=006  m\\\\||\\d\|\\\\\\
=007  cr\|||||||||||
=008  181208s2018\\\\xxk|||||o\\\\||||\||eng\\
=FMT  \\$a  BK
=040  \\$aUk$beng$cUk
=245  00$aGraduate outcomes (LEO) :$bEmployment and earnings outcomes of higher education graduates by subject studied and graduate characteristics.
=264  \1$aLondon :$bDepartment for Education,$c2018.
=300  \\$a1 online resource.
=336  \\$atext$2rdacontent
=337  \\$acomputer$2rdamedia
=338  \\$aonline resource$2rdacarrier
=500  \\$aReference: [SFR 15/2018].Advised to process as mono.
=859  \\$aELD$bebook
=852  \\$aBritish Library$bHMNTS$cDRT$jELD.DS.367207
=CAT  \\$aBATCH-EBKN$b00$c20181208$lBLL01$h0213
=CAT  \\$aEBKS-FXD$c20181208$lBLL01$h0221
=CAT  \\$aBATCH$b00$c20181208$lBLL01$h0223
=CAT  \\$a6790$b40$c20200220$lBLL01$h1132
=DRT  \\$aLD-ebooks
=SRC  \\$aSubmission Portal
=STA  \\$aSUPPRESSED$bRe-batched as Serial
=LAS  \\$a6790$b40$c20200220$lBLL01$h1132

