=LDR  01027 am a22003255i 4500
=001  019171335
=003  Uk
=005  20190516121208.0
=006  m\\\\||\\d\|\\\\\\
=007  cr\|||||||||||
=008  181209s2014\\\\xxk|||||o\\\\||||\||eng\\
=FMT  \\$a  BK
=040  \\$aUk$beng$cUk
=245  00$aUpdated short-term traded carbon values used for modelling purposes.
=264  \1$aLondon :$bDepartment of Energy & Climate Change,$c2014.
=300  \\$a1 online resource.
=336  \\$atext$2rdacontent
=337  \\$acomputer$2rdamedia
=338  \\$aonline resource$2rdacarrier
=500  \\$aURN 14D/366
=859  \\$aELD$bebook
=852  \\$aBritish Library$bHMNTS$cDRT$jELD.DS.368060
=CAT  \\$aBATCH-EBKN$b00$c20181209$lBLL01$h0202
=CAT  \\$aEBKS-FXD$c20181209$lBLL01$h0209
=CAT  \\$aBATCH$b00$c20181209$lBLL01$h0211
=CAT  \\$a6790$b40$c20190516$lBLL01$h1212
=DRT  \\$aLD-ebooks
=SRC  \\$aSubmission Portal
=STA  \\$aSUPPRESSED$bRebatched as a Serial
=LAS  \\$a6790$b40$c20190516$lBLL01$h1212

