=LDR  01060 am a22003255i 4500
=001  019171337
=003  Uk
=005  20200724122923.0
=006  m\\\\||\\d\|\\\\\\
=007  cr\|||||||||||
=008  181209s2014\\\\xxk|||||o\\\\||||\||eng\\
=FMT  \\$a  BK
=040  \\$aUk$beng$cUk
=245  00$aThe Renewables Obligation for 2015/16 :$bCalculating the Level of the Renewables Obligationfor 2015/16.
=264  \1$aUK :$bDepartment of Energy and Climate Change,$c2014.
=300  \\$a1 online resource.
=336  \\$atext$2rdacontent
=337  \\$acomputer$2rdamedia
=338  \\$aonline resource$2rdacarrier
=500  \\$aURN 14D/327
=859  \\$aELD$bebook
=852  \\$aBritish Library$bHMNTS$cDRT$jELD.DS.368062
=CAT  \\$aBATCH-EBKN$b00$c20181209$lBLL01$h0202
=CAT  \\$aEBKS-FXD$c20181209$lBLL01$h0209
=CAT  \\$aBATCH$b00$c20181209$lBLL01$h0211
=CAT  \\$a15190$b40$c20200724$lBLL01$h1229
=DRT  \\$aLD-ebooks
=SRC  \\$aSubmission Portal
=STA  \\$aSUPPRESSED$bRebatched as Serial
=LAS  \\$a15190$b40$c20200724$lBLL01$h1229

