=LDR  03523cam a22006731i 4500
=001  019177019
=003  Uk
=005  20230503080201.0
=006  m\\\\||\\d\|\\\\\\
=007  cr\|||||||||||
=008  181210s2009\\\\||||||||o\\\\||||\||eng\\
=FMT  \\$a  BK
=015  \\$aGBB931474$2bnb
=020  \\$a9781783163793$qEPUB
=020  \\$a1783163798$qEPUB
=024  7\$a10.1234/b10305$2doi
=037  \\$a3-089-9781783163793$bIngram Content Group
=040  \\$aUk$beng$cUk
=042  \\$aukblsr
=082  04$a946.7$223
=245  00$aCatalan culture :$bexperimentation, creative imagination and the relationship with Spain : essays in honour of David George /$cedited by Lloyd Hughes Davies, J.B. Hall, and D. Gareth Walters.
=264  \1$a[Place of publication not identified] :$bUniversity of Wales Press,$c2009.
=300  \\$a1 online resource (288 pages).
=336  \\$atext$2rdacontent
=337  \\$acomputer$2rdamedia
=338  \\$aonline resource$2rdacarrier
=490  1\$aIberian and Latin American studies
=505  00$aMachine generated contents note:$tA `Natural History' of Return: Landscape, Myth and Memory in the Late Work of Merce Rodoreda /$rHelena Buffery --$t`La totalidad de la obra se representara en perfecto castellano': Censorship of Theatre in Catalonia after the Civil War /$rMichael Thompson --$tRodolf Sirera's El veri del teatre (The Audition): Creating Performance, Reality and Politics On Stage /$rJohn London --$t`Antes eterna o negra que rota': ¡Ay, Carmela! and the Mythic Unity of Spain /$rDominic Keown --$t`... And the Great Bird of War Flew Past with Its Wings Outstretched': The Aesthetic Recreation of Trauma in Jordi Coca's Sota la pols (2001) /$rJordi Cornella-Detrell --$tUnmasking the Mask: Controversia del Toro y el Torero (Els Joglars, 2006) and the Craft of Theatremaking /$rLourdes Orozco --$tOn Influence, Tradition and Other Anxieties: Some Dilemmas of the Contemporary Catalan Stage /$rSharon G. Feldman --$tLa Cubana in the Twenty-first Century: The Popular and the Political /$rMaria M. Delgado.
=650  \0$aCatalans$xEthnic identity.
=650  \7$aCivilization.$2fast$0(OCoLC)fst00862898
=650  \7$aEthnicity.$2fast$0(OCoLC)fst00916034
=650  \7$aManners and customs.$2fast$0(OCoLC)fst01007815
=651  \0$aCatalonia (Spain)$xSocial life and customs.
=651  \0$aCatalonia (Spain)$xHistory.
=651  \0$aCatalonia (Spain)$xCivilization.
=651  \7$aSpain$zCatalonia.$2fast$0(OCoLC)fst01206043
=655  \7$aHistory.$2fast$0(OCoLC)fst01411628
=700  1\$aDavies, Lloyd Hughes,$eeditor.
=700  1\$aHall, J. B.,$eeditor.
=700  1\$aWalters, D. Gareth,$eeditor.
=700  1\$aGeorge, David J.$q(David John),$ehonouree.
=830  \0$aIberian and Latin American studies.
=859  \\$aELD$bebook
=852  \\$aBritish Library$bHMNTS$cDRT$jELD.DS.368749$qImperfect
=BUF  1\$aN$d20190218
=CAT  \\$aBATCH-EBKN$b00$c20181213$lBLL01$h0211
=CAT  \\$aBATCH-UPD$b00$c20181213$lBLL01$h0212
=CAT  \\$aEBKS-FXD$c20181213$lBLL01$h0222
=CAT  \\$aBATCH$b00$c20181213$lBLL01$h0224
=CAT  \\$aBATCH-UPEB$b00$c20190218$lBLL01$h1700
=CAT  \\$a7164$b40$c20190220$lBLL01$h0922
=CAT  \\$a7164$b40$c20230503$lBLL01$h0802
=FIN  \\$aY$d20190218
=DRT  \\$aLD-ebooks
=SRC  \\$aIngrams
=STA  \\$aSUPPRESSED$bE-content not adequate for display
=ONS  \7$aMED$x039000$2bisacsh
=ONS  \\$a1DSE$tSpain$2BIC Geographical qualifier
=LAS  \\$a7164$b40$c20230503$lBLL01$h0802

