=LDR  01141 am a22003495i 4500
=001  019188356
=003  Uk
=005  20190612085537.0
=006  m\\\\||\\d\|\\\\\\
=007  cr\|||||||||||
=008  181220s2018\\\\xxk|||||o\\\\||||\||eng\\
=FMT  \\$a  BK
=020  \\$a9781906003685
=040  \\$aUk$beng$cUk
=245  00$aYoung people, violence and knives :$brevisiting the evidence and policy discussions.
=264  \1$aLondon :$bCentre for Crime and Justice Studies,$c2018.
=300  \\$a1 online resource.
=336  \\$atext$2rdacontent
=337  \\$acomputer$2rdamedia
=338  \\$aonline resource$2rdacarrier
=500  \\$aUK Justice Policy ReviewFOCUSIssue 3
=720  0\$aGrimshaw, Roger; Ford, Matt
=859  \\$aELD$bebook
=852  \\$aBritish Library$bHMNTS$cDRT$jELD.DS.373201
=CAT  \\$aBATCH-EBKN$b00$c20181220$lBLL01$h0218
=CAT  \\$aEBKS-FXD$c20181220$lBLL01$h0224
=CAT  \\$aBATCH$b00$c20181220$lBLL01$h0225
=CAT  \\$a15020$b40$c20190612$lBLL01$h0855
=DRT  \\$aLD-ebooks
=SRC  \\$aSubmission Portal
=STA  \\$aSUPPRESSED$bRebatched as Serial
=LAS  \\$a15020$b40$c20190612$lBLL01$h0855

