=LDR  01174 am a22003375i 4500
=001  019192608
=003  Uk
=005  20190925122741.0
=006  m\\\\||\\d\|\\\\\\
=007  cr\|||||||||||
=008  181222s2018\\\\xxk|||||o\\\\||||\||eng\\
=FMT  \\$a  BK
=040  \\$aUk$beng$cUk
=245  00$aInternational perspective on UK foreign direct investment :$b2018.
=264  \1$aUK :$bOffice for National Statistics,$c2018.
=300  \\$a1 online resource.
=336  \\$atext$2rdacontent
=337  \\$acomputer$2rdamedia
=338  \\$aonline resource$2rdacarrier
=500  \\$aArticle | 20 August 2018 | Chosen by London Selector | On advice of ELD Cat - Treat as Mono
=720  0\$aDavenport, Nadia; Jowett, Andrew; Lockley, Luke; West, Victoria
=859  \\$aELD$bebook
=852  \\$aBritish Library$bHMNTS$cDRT$jELD.DS.374982
=CAT  \\$aBATCH-EBKN$b00$c20181222$lBLL01$h0202
=CAT  \\$aEBKS-FXD$c20181222$lBLL01$h0207
=CAT  \\$aBATCH$b00$c20181222$lBLL01$h0208
=CAT  \\$a15020$b40$c20190925$lBLL01$h1227
=DRT  \\$aLD-ebooks
=SRC  \\$aSubmission Portal
=STA  \\$aSUPPRESSED$bRebatched as Serial
=LAS  \\$a15020$b40$c20190925$lBLL01$h1227

