=LDR  03469cam a22006851i 4500
=001  019193415
=003  Uk
=005  20220810163737.0
=006  m\\\\||\\d\|\\\\\\
=007  cr\|||||||||||
=008  181220s2018\\\\enk\\\\\ob\\\\000\0\eng\d
=FMT  \\$a  BK
=015  \\$aGBB902413$2bnb
=037  \\$a9781527523401$bCambridge Scholars Publishing
=040  \\$aN{dollar}T$beng$cN{dollar}T$dYDX$dEBLCP$dUk$erda$epn
=042  \\$aukblsr
=050  \4$aPN471$b.N48 2018eb
=072  \7$aBIO$x007000$2bisacsh
=082  04$a809/.89287$223
=245  00$aNew women's writing :$bcontextualising fiction, poetry and philosophy /$cedited by Subashish Bhattacharjee and Girindra Narayan Ray.
=246  30$aContextualising fiction, poetry and philosophy
=264  \1$a[Newcastle upon Tyne] :$bCambridge Scholars Publishing,$c[2018].
=264  \4$c©2018
=300  \\$a1 online resource (vi, 266 pages).
=336  \\$atext$2rdacontent
=337  \\$acomputer$2rdamedia
=338  \\$aonline resource$2rdacarrier
=504  \\$aIncludes bibliographical references.
=505  0\$aIntro; Contents; Acknowledgements; Introduction; Women's Poetry, First World War and Working Class Experience in British Munition Factories; Atoms, Freud and Gender in Nature; Otherness as Philosophy; Children of the Windrush and the Question of Identity; "Free! Body and Soul Free!"; Space as a Psychological Resource in Dorothy Parker's Short Stories; The Creative Elle in Colette's Incomplete Autofiction Gigi; (En)Gendering Travelogy in Lessing and Morrison; "Who Am I?"; Bestial Representations of Otherness in Angela Carter's Fairy Tales; Sisterly Reflections; A Grandmother's Seduction
=505  8\$aThe Female PrometheusMy Waist, My Foot, My Breast; Reading Lolita in Tehran, Crescent and I Love a Broad Margin to My Life; Caste, Gender, and Violence; Bridging the Binaries of Gender Construction in Ursula K. Le Guin's Science Fiction; Jewish Hummingbirds and the Converted Voice; About the Contributors
=588  0\$aPrint version record.
=650  \7$aGender studies: women.$2bicssc
=650  \0$aLiterature$xWomen authors$xHistory and criticism.
=650  \7$aLiterature$xWomen authors.$2fast$0(OCoLC)fst01000068
=650  \7$aBIOGRAPHY & AUTOBIOGRAPHY / Literary$2bisacsh
=650  \7$aLiterary studies: from c 1900.$2bicssc
=650  \7$aPopular philosophy.$2bicssc
=655  \7$aCriticism, interpretation, etc.$2fast$0(OCoLC)fst01411635
=655  \4$aElectronic books.
=700  1\$aBhattacharjee, Subashish,$eeditor.
=700  1\$aRay, Girindra Narayan,$eeditor.
=859  \\$aELD$bebook
=884  \\$aLDL ebooks tsv to marcxml transformation using Record_Load-eBooks_Legal_Deposit_tsv2marc_v2-0.xsl$g20181220$k9781527523401$qUk
=889  \\$a(OCoLC)1079759614
=852  \\$aBritish Library$bHMNTS$cDRT$jELD.DS.375224$qImperfect: incorrect title sent.
=BUF  1\$aN$d20190107
=CAT  \\$aBATCH-EBKN$b00$c20181223$lBLL01$h0201
=CAT  \\$aEBKS-FXD$c20181223$lBLL01$h0207
=CAT  \\$aBATCH$b00$c20181223$lBLL01$h0208
=CAT  \\$aBATCH-UPEB$b00$c20190107$lBLL01$h1701
=CAT  \\$aBATCH-UPD$b00$c20190107$lBLL01$h1717
=CAT  \\$a11279$b40$c20220810$lBLL01$h1637
=FIN  \\$aY$d20190107
=DRT  \\$aLD-ebooks
=SRC  \\$aCollection Metadata
=STA  \\$aSUPPRESSED$bE-content not adequate for display
=ONS  \7$aJFSJ1$2bicssc
=ONS  \7$aDSBH$2bicssc
=ONS  \7$aHPX$2bicssc
=LAS  \\$a11279$b40$c20220810$lBLL01$h1637

