=LDR  01091 am a22003255i 4500
=001  019193609
=003  Uk
=005  20190620143504.0
=006  m\\\\||\\d\|\\\\\\
=007  cr\|||||||||||
=008  181223s2018\\\\xxk|||||o\\\\||||\||eng\\
=FMT  \\$a  BK
=040  \\$aUk$beng$cUk
=245  00$aHousehold projections for England :$bhousehold type projections : 2016-based.
=264  \1$aUK :$bOffice for National Statistics,$c2018.
=300  \\$a1 online resource.
=336  \\$atext$2rdacontent
=337  \\$acomputer$2rdamedia
=338  \\$aonline resource$2rdacarrier
=500  \\$aStatistical bulletin | 3 December 2018 | On advice of ELD Cat - Treat as Mono
=859  \\$aELD$bebook
=852  \\$aBritish Library$bHMNTS$cDRT$jELD.DS.375418
=CAT  \\$aBATCH-EBKN$b00$c20181223$lBLL01$h0201
=CAT  \\$aEBKS-FXD$c20181223$lBLL01$h0207
=CAT  \\$aBATCH$b00$c20181223$lBLL01$h0208
=CAT  \\$a11450$b40$c20190620$lBLL01$h1435
=DRT  \\$aLD-ebooks
=SRC  \\$aSubmission Portal
=STA  \\$aSUPPRESSED$bRebatched as Serial
=LAS  \\$a11450$b40$c20190620$lBLL01$h1435

