=LDR  03109cam a22006251i 4500
=001  019380193
=003  Uk
=005  20230412114040.0
=006  m\\\\||\\d\|\\\\\\
=007  cr\|||||||||||
=008  151006s2007\\\\enkab\\\o\\\\\001\0\eng\d
=FMT  \\$a  BK
=015  \\$aGBB981776$2bnb
=020  \\$a9780241248508$qelectronic bk.
=020  \\$a0241248507$qelectronic bk.
=020  \\$z9781845374457
=020  \\$z1845374452
=037  \\$aPenguinGroup424204$bIngram Content Group
=040  \\$aTEFOD$beng$cTEFOD$dOCLCO$dIDEBK$dOCLCQ$dOCLCA$dHCO$dUk$erda$epn
=042  \\$aukblsr
=050  \4$aG2796.P2$bL3 2007eb
=072  \7$aWTH$2bicssc
=082  04$a912.993$222
=245  00$aNew Zealand.
=264  \1$aLondon :$bNew Holland,$c2007.
=300  \\$a1 online resource.
=336  \\$atext$2rdacontent
=337  \\$acomputer$2rdamedia
=338  \\$aonline resource$2rdacarrier
=490  1\$aGlobetrotter travel atlas
=505  00$tTourist Areas --$tTourist Area Planner --$tAuckland Area --$tAuckland City --$tNorthland --$tBay of Islands --$tCoromandel --$tCoastal Bay of Plenty --$tRotorua Region --$tCentral Rotorua --$tTaupo --$tCentral Plateau --$tNapier --$tHawke's Bay --$tCentral Wellington --$tNelson Region --$tMarlborough Region --$tChristchurch Region --$tCentral Christchurch --$tThe West Coast --$tSouthern Alps and Lakes District --$tFiordland --$tCentral Dunedin --$tIndex --$tMain Map Section --$tNational Route Planner --$tMain Map Section and Legend --$tNorthland --$tBay of Islands and Whangarei --$tAuckland and Surrounds --$tHauraki Gulf and the Coromandel --$tHamilton and Central Plateau --$tRotorua and Bay of Plenty --$tEast Coast and Poverty Bay --$tNew Plymouth and Taranaki --$tHawke's Bay and Central North Island --$tWairarapa --$tWellington and Manawatu --$tCape Farewell and Tasman Bay --$tMarlborough --$tWest Coast --$tArthur's Pass and Lewis Pass --$tKaikoura and Coast --$tChristchurch and Banks Peninsula --$tSouth Canterbury --$tAoraki /Mount Cook and Southern Alps --$tQueenstown and Central Otago --$tFiordland --$tSouthland and Stewart Island --$tDunedin and Coastal Otago.
=588  0\$aPrint version record.
=651  \0$aNew Zealand$vMaps.
=651  \7$aNew Zealand.$2fast$0(OCoLC)fst01204542
=655  \7$aMaps.$2fast$0(OCoLC)fst01423704
=655  \4$aElectronic books.
=830  \0$aGlobetrotter travel atlas.
=859  \\$aELD$bebook
=889  \\$a(OCoLC)922933180
=852  \\$aBritish Library$bHMNTS$cDRT$jELD.DS.415747$qImperfect
=BUF  1\$aN$d20190506
=CAT  \\$aBATCH-EBKN$b00$c20190429$lBLL01$h0203
=CAT  \\$aEBKS-FXD$c20190429$lBLL01$h0212
=CAT  \\$aBATCH$b00$c20190429$lBLL01$h0213
=CAT  \\$aBATCH-UPEB$b00$c20190506$lBLL01$h1701
=CAT  \\$aBATCH-UPD$b00$c20190506$lBLL01$h1718
=CAT  \\$a7164$b40$c20230412$lBLL01$h1140
=FIN  \\$aY$d20190506
=DRT  \\$aLD-ebooks
=SRC  \\$aIngrams
=STA  \\$aSUPPRESSED$bE-content not adequate for display
=ONS  \7$aTRV$x004000$2bisacsh
=ONS  \7$aWTH$2bicssc
=ONX  \\$cDGO
=LAS  \\$a7164$b40$c20230412$lBLL01$h1140

