=LDR  02986cam a22008771i 4500
=001  019515757
=003  Uk
=005  20230713133155.0
=006  m\\\\||\\d\|\\\\\\
=007  cr\|||||||||||
=008  161103s2010\\\\ii\\\\\\o\\\\\000\1\eng\d
=FMT  \\$a  BK
=015  \\$aGBB9E8589$2bnb
=020  \\$a9789350292822$q(electronic bk.)
=020  \\$a9350292823$q(electronic bk.)
=020  \\$z9788172239374
=020  \\$z8172239378
=037  \\$a9789350292822$bIngram Content Group
=040  \\$aTEFOD$beng$cTEFOD$dUk$erda$epn
=042  \\$aukblsr
=050  \4$aPN6222.I4$bR39 2010eb
=082  04$a828.914$222
=100  1\$aRay, Arnab.
=245  10$aMay I hebb your attention pliss /$cArnab Ray.
=246  3\$aMay I have your attention please
=264  \1$aNew Delhi :$bHarperCollins Publishers India, a joint venture with the India Today Group,$c©2010.
=300  \\$a1 online resource (xvii, 237 pages).
=336  \\$atext$2rdacontent
=337  \\$acomputer$2rdamedia
=338  \\$aonline resource$2rdacarrier
=500  \\$aHumorous stories.
=588  0\$aPrint version record.
=650  \0$aIndic wit and humor (English)
=650  \7$aIndic wit and humor (English)$2fast$0(OCoLC)fst00970191
=655  \0$aIndic wit and humor (English)
=655  \4$aElectronic books.
=859  \\$aELD$bebook
=889  \\$a(OCoLC)962025651
=852  \\$aBritish Library$bHMNTS$cDRT$jELD.DS.450833
=BUF  1\$aN$d20190902
=CAT  \\$aBATCH-EBKN$b00$c20190822$lBLL01$h0221
=CAT  \\$aBATCH-UPD$b00$c20190822$lBLL01$h0223
=CAT  \\$aEBKS-FXD$c20190822$lBLL01$h0234
=CAT  \\$aBATCH$b00$c20190822$lBLL01$h0235
=CAT  \\$aBATCH-UPEB$b00$c20190902$lBLL01$h1700
=CAT  \\$aBATCH-UPD$b00$c20190902$lBLL01$h1703
=CAT  \\$a7164$b40$c20230713$lBLL01$h1331
=FIN  \\$aY$d20190902
=DRT  \\$aLD-ebooks
=SRC  \\$aIngrams
=STA  \\$aSUPPRESSED$bE-content not eligible for Non-Print Legal Deposit
=ONS  \7$aHUM$x000000$2bisacsh
=ONS  \\$tcurrent$2Subject Keywords
=ONS  \\$tissues$2Subject Keywords
=ONS  \\$tfaces$2Subject Keywords
=ONS  \\$tindia$2Subject Keywords
=ONS  \\$tindian$2Subject Keywords
=ONS  \\$tcinema$2Subject Keywords
=ONS  \\$tbollywood$2Subject Keywords
=ONS  \\$tdifferent$2Subject Keywords
=ONS  \\$tfields$2Subject Keywords
=ONS  \\$tabout$2Subject Keywords
=ONS  \\$teconomy$2Subject Keywords
=ONS  \\$tstock$2Subject Keywords
=ONS  \\$tindex$2Subject Keywords
=ONS  \\$tnews$2Subject Keywords
=ONS  \\$tcomputer$2Subject Keywords
=ONS  \\$tlanguages$2Subject Keywords
=ONS  \\$tpotitical$2Subject Keywords
=ONS  \\$tmasalas$2Subject Keywords
=ONS  \\$tentertainment$2Subject Keywords
=ONS  \\$tmovie$2Subject Keywords
=ONS  \\$teducation$2Subject Keywords
=ONS  \\$tall$2Subject Keywords
=ONS  \\$tone.$2Subject Keywords
=LAS  \\$a7164$b40$c20230713$lBLL01$h1331

