=LDR  01264cam a22003735i 4500
=001  020584168
=003  Uk
=005  20220520110636.0
=006  m\\\\||\\d\|\\\\\\
=007  cr\|||||||||||
=008  220516s2022\\\\xxk|||||o\\\\||||\||eng\\
=FMT  \\$a  BK
=040  \\$aUk$beng$cUk
=245  00$aARC Magazine May-June 2022.
=250  \\$a386
=264  \1$aTaunton :$bArchives and Records Association (UK & Ireland),$c2022.
=300  \\$a1 online resource.
=336  \\$atext$2rdacontent
=337  \\$acomputer$2rdamedia
=338  \\$aonline resource$2rdacarrier
=500  \\$aARC Magazine is the bi-monthly magazine from the Archives and Records Association for their members.
=720  0\$aArchives and Records Association (UK & Ireland)
=859  \\$aELD$bebook
=852  \\$aBritish Library$bHMNTS$cDRT$jELD.DS.689605
=CAT  \\$aBATCH-EBKN$b00$c20220516$lBLL01$h0201
=CAT  \\$aEBKS-FXD$c20220516$lBLL01$h0207
=CAT  \\$aBATCH$b00$c20220516$lBLL01$h0207
=CAT  \\$a8311$b40$c20220520$lBLL01$h1055
=CAT  \\$a8311$b40$c20220520$lBLL01$h1106
=CAT  \\$a8311$b40$c20220520$lBLL01$h1106
=DRT  \\$aLD-ebooks
=SRC  \\$aSubmission Portal
=STA  \\$aSUPPRESSED$bRebatched as Serial
=LAS  \\$a8311$b40$c20220520$lBLL01$h1106

