=LDR  02593aam a22007211i 4500
=001  017702862
=003  Uk
=005  20190111091124.0
=006  m\\\\||\\d\|\\\\\\
=007  cr\|||||||||||
=008  151224s2016\\\\enk\\\\\o\\\\\000\0\eng\d
=FMT  \\$a  BK
=015  \\$aGBB6H8915$2bnb
=020  \\$a9781317283416$qelectronic bk.
=020  \\$a1317283414$qelectronic bk.
=020  \\$z9781138761452
=037  \\$a9781317283416$bIngram Content Group
=040  \\$aN{dollar}T$beng$cN{dollar}T$dYDXCP$dN{dollar}T$dOCLCO$dOCLCF$dCDX$dUk$erda$epn
=042  \\$aukblsr
=050  \4$aNA997.W4$bA3 2016eb
=072  \7$aARC$x022000$2bisacsh
=072  \7$aARC$x024010$2bisacsh
=072  \7$aARC$x015000$2bisacsh
=072  \7$aARC$x012000$2bisacsh
=082  04$a720.92$223
=100  1\$aWebb, Philip,$d1831-1915,$eauthor.
=245  14$aThe letters of Philip Webb.$nVolume II, 1888-1898 /$cedited by John Aplin.
=264  \1$aLondon :$bRoutledge,$c[2016].
=300  \\$a1 online resource.
=336  \\$atext$2rdacontent
=337  \\$acomputer$2rdamedia
=338  \\$aonline resource$2rdacarrier
=588  0\$aVendor-supplied metadata.
=600  10$aWebb, Philip,$d1831-1915$vCorrespondence.
=600  17$aWebb, Philip,$d1831-1915$2fast$0(OCoLC)fst00076937
=650  \7$aHISTORY / Europe / Great Britain$2bisacsh
=650  \0$aArchitects$zGreat Britain$vCorrespondence.
=650  \7$aARCHITECTURE / Adaptive Reuse & Renovation$2bisacsh
=650  \7$aARCHITECTURE / Buildings / Landmarks & Monuments$2bisacsh
=650  \7$aARCHITECTURE / Professional Practice$2bisacsh
=650  \7$aARCHITECTURE / Reference$2bisacsh
=650  \7$aArchitects.$2fast$0(OCoLC)fst00813114
=651  \7$aGreat Britain.$2fast$0(OCoLC)fst01204623
=655  \4$aElectronic books.
=655  \7$aRecords and correspondence.$2fast$0(OCoLC)fst01423917
=700  1\$aAplin, John,$eeditor.
=859  \\$aELD$bebook
=889  \\$a(OCoLC)933433104
=852  \\$aBritish Library$bHMNTS$cDRT$jELD.DS.46003
=BUF  1\$aN$d20161121
=CAT  \\$aBATCH-EBKN$b00$c20160112$lBLL01$h0209
=CAT  \\$aBATCH-UPD$b00$c20160112$lBLL01$h0209
=CAT  \\$aEBKS-FXD$c20160112$lBLL01$h0216
=CAT  \\$aBATCH$b00$c20160112$lBLL01$h0216
=CAT  \\$aBATCH-UPEB$b00$c20161121$lBLL01$h1718
=CAT  \\$aBATCH-UPD$b00$c20161121$lBLL01$h1849
=CAT  \\$a10983$b40$c20190111$lBLL01$h0911
=FIN  \\$aY$d20161121
=DRT  \\$aLD-ebooks
=SRC  \\$aIngrams
=STA  \\$aSUPPRESSED$bE-content not adequate for display
=ONS  \7$aARC$x005060$2bisacsh
=LAS  \\$a10983$b40$c20190111$lBLL01$h0911

