=LDR  02013aam a22005411i 4500
=001  017760998
=003  Uk
=005  20190208201844.0
=006  m\\\\||\\d\|\\\\\\
=007  cr\|||||||||||
=008  160212s2010\\\\xxk||||eo\\\\||||\||eng\\
=FMT  \\$a  BK
=015  \\$aGBB6H9527$2bnb
=020  \\$a9781137267269$qEPUB
=020  \\$a1137267267$qEPUB
=037  \\$a517382$bIngram Content Group
=040  \\$aUk$beng$cUk
=042  \\$aukblsr
=082  00$a809.3/36$222
=100  1\$aSleigh, Charlotte.
=245  10$aLiterature and science /$cCharlotte Sleigh.
=264  \1$aBasingstoke :$bPalgrave Macmillan,$c2010.
=300  \\$a1 online resource (224 pages :$b1 illustrations).
=336  \\$atext$2rdacontent
=337  \\$acomputer$2rdamedia
=338  \\$aonline resource$2rdacarrier
=490  0\$aOutlining literature
=505  0\$aEmpiricism and the novel -- Epistolarity and the democratic ideal -- Idealism and the inhuman -- Realism in literature and the laboratory -- Scientist, moral realism and the new world order -- Subjects of science -- Says who? science and public understanding.
=650  \7$aReference$2bisacsh
=650  \0$aLiterature and science.
=650  \7$aGeneral$2bisacsh
=650  \7$aLiterary studies: general$2bicssc
=859  \\$aELD$bebook
=852  \\$aBritish Library$bHMNTS$cDRT$jELD.DS.49305$qImperfect: incorrect title sent.
=BUF  1\$aN$d20161121
=CAT  \\$aBATCH-EBKN$b00$c20160305$lBLL01$h0219
=CAT  \\$aEBKS-FXD$c20160305$lBLL01$h0229
=CAT  \\$aBATCH$b00$c20160305$lBLL01$h0230
=CAT  \\$aBATCH-UPEB$b00$c20161121$lBLL01$h1718
=CAT  \\$a11279$b40$c20180604$lBLL01$h1344
=CAT  \\$aW1810-2163$c20190208$lBLL01$h2018
=FIN  \\$aY$d20161121
=DRT  \\$aLD-ebooks
=SRC  \\$aIngrams
=STA  \\$aSUPPRESSED$bE-content not adequate for display
=ONS  \7$aSCI$x080000$2bisacsh
=ONS  \\$a3J$tModern period, c 1450 AD onwards$2BIC time period qualifer
=LAS  \\$aW1810-2163$b00$c20190208$lBLL01$h2018

