=LDR  02326aam a22006251i 4500
=001  017800331
=003  Uk
=005  20190208201901.0
=006  m\\\\||\\d\|\\\\\\
=007  cr\|||||||||||
=008  160121s2016\\\\||||||||o\\\\||||\||eng\\
=FMT  \\$a  BK
=015  \\$aGBB740522$2bnb
=020  \\$a9781783168064$qEPUB
=020  \\$a1783168064$qEPUB
=037  \\$a30899781783168064$bIngram Content Group
=040  \\$aUk$beng$cUk
=042  \\$aukblsr
=082  04$a741.59467$223
=100  1\$aMcGlade, Rhiannon,$eauthor.
=245  10$aCatalan cartoons :$ba cultural and political history /$cRhiannon McGlade.
=264  \1$a[Place of publication not identified] :$bUniversity of Wales Press,$c2016.
=300  \\$a1 online resource.
=336  \\$atext$2rdacontent
=337  \\$acomputer$2rdamedia
=338  \\$aonline resource$2rdacarrier
=490  0\$aIberian and Latin American studies
=650  \0$aCaricatures and cartoons$zSpain$zCatalonia$xHistory.
=650  \0$aCatalan wit and humor, Pictorial.
=650  \7$aCaricatures and cartoons.$2fast$0(OCoLC)fst00847532
=650  \7$aCatalan wit and humor, Pictorial.$2fast$0(OCoLC)fst00848632
=650  \7$aPolitics and government.$2fast$0(OCoLC)fst01919741
=651  \0$aSpain$xPolitics and government$y20th century$xCaricatures and cartoons.
=651  \7$aSpain.$2fast$0(OCoLC)fst01204303
=651  \7$aSpain$zCatalonia.$2fast$0(OCoLC)fst01206043
=859  \\$aELD$bebook
=852  \\$aBritish Library$bHMNTS$cDRT$jELD.DS.52427$qImperfect: ebook display problem.
=BUF  1\$aN$d20170313
=CAT  \\$aBATCH-EBKN$b00$c20160409$lBLL01$h0209
=CAT  \\$aEBKS-FXD$c20160409$lBLL01$h0213
=CAT  \\$aBATCH$b00$c20160409$lBLL01$h0214
=CAT  \\$aBATCH-UPD$b00$c20160507$lBLL01$h1711
=CAT  \\$a7164$b40$c20170203$lBLL01$h1031
=CAT  \\$a11279$b40$c20170207$lBLL01$h1345
=CAT  \\$aBATCH-UPEB$b00$c20170313$lBLL01$h1702
=CAT  \\$a11279$b40$c20180209$lBLL01$h1021
=CAT  \\$aW1810-2163$c20190208$lBLL01$h2019
=FIN  \\$aY$d20170313
=DRT  \\$aLD-ebooks
=SRC  \\$aIngrams
=STA  \\$aSUPPRESSED$bE-content not adequate for display
=ONS  \7$aART$x004000$2bisacsh
=ONS  \\$tArts$2Subject Keywords
=ONS  \\$tCatalan$2Subject Keywords
=LAS  \\$aW1810-2163$b00$c20190208$lBLL01$h2019

