=LDR  02529 am a22004815i 4500
=001  017800849
=003  Uk
=005  20190306162905.0
=006  m\\\\||\\d\|\\\\\\
=007  cr\|||||||||||
=008  160406s2016\\\\xxk||||eo\\\\||||\||eng\\
=FMT  \\$a  BK
=020  \\$a9781137430366$qEPUB
=020  \\$a1137430362$qEPUB
=037  \\$a759887$bIngram Content Group
=040  \\$aUk$beng$cUk
=100  1\$aBurns, Paul$cProfessor$eauthor$uProfessor of Entrepreneurship and Former Dean, University of Bedfordshire Business School, UK
=245  10$aEntrepreneurship and Small Business :$bStart-up, Growth and Maturity /$cPaul Burns.
=250  \\$a4th
=264  \1$aBasingstoke :$bPalgrave Macmillan,$c2016.
=300  \\$a1 online resource (584 pages :$b30 illustrations).
=336  \\$atext$2rdacontent
=337  \\$acomputer$2rdamedia
=338  \\$aonline resource$2rdacarrier
=505  0\$aPART I: ENTREPRENEURSHIP <BR>1. Entrepreneurship: The Social and Business Revolution<BR>2. The Economics of Entrepreneurship and Public Policy<BR>3. The Entrepreneurial Character<BR>4. Discovering a Business Idea<BR>5. Researching and Evaluating the Business Idea<BR>PART II: START-UP<BR>6. Start-up: Developing Your Business Model<BR>7. Adding Values to the Business Model<BR>8. Launching the Business<BR>9. Legal Foundations<BR>10. Operations and Risk<BR>11. Financial Management<BR>PART III: GROWTH<BR>12. Growth: Building the Foundations<BR>13. Strategies for Growth<BR>14. Financing the Business<BR>15. From Business Model to Business Plan<BR>PART IV: MATURITY<BR>16. Maturity: Success and Failure<BR>17. Family Business<BR>18. From Entrepreneur to Entrepreneurial Leader<BR>19. Corporate Entrepreneurship<BR><BR><BR>
=650  \7$aManagement$2bisacsh
=650  \7$aSmall Business$2bisacsh
=650  \7$aSmall businesses & self-employed$2bicssc
=650  \7$aEntrepreneurship$2bicssc
=650  \7$aBusiness strategy$2bicssc
=859  \\$aELD$bebook
=852  \\$aBritish Library$bHMNTS$cDRT$jELD.DS.53268$qImperfect: ebook display problem.
=CAT  \\$aBATCH-EBKN$b00$c20160411$lBLL01$h0201
=CAT  \\$aEBKS-FXD$c20160411$lBLL01$h0211
=CAT  \\$aBATCH$b00$c20160411$lBLL01$h0213
=CAT  \\$aW1810-2163$c20190208$lBLL01$h2019
=CAT  \\$a11279$b40$c20190306$lBLL01$h1629
=DRT  \\$aLD-ebooks
=SRC  \\$aIngrams
=STA  \\$aSUPPRESSED$bE-content not adequate for display
=ONX  \\$cNED
=ONS  \7$aBUS$x025000$2bisacsh
=LAS  \\$a11279$b40$c20190306$lBLL01$h1629

