=LDR  01850cam a22004931i 4500
=001  017858036
=003  Uk
=005  20230907092850.0
=006  m\\\\||\\d\|\\\\\\
=007  cr\|||||||||||
=008  160427s2016\\\\enk\\\\\o\\\\\000|0|eng|d
=FMT  \\$a  BK
=015  \\$aGBB670975$2bnb
=037  \\$a9781785781568$bIngram Content Group
=040  \\$aStDuBDS$beng$cStDuBDS$dUk$erda$epn
=042  \\$aukblsr
=082  04$a796.3340922$223
=100  10$aHurst, Geoff,$d1941-$eauthor.
=245  10$aGeoff Hurst's greats :$bEngland's 1966 hero selects his finest ever footballers /$cGeoff Hurst.
=264  \1$aLondon :$bIcon Books,$c2016.
=300  \\$a1 online resource.
=336  \\$atext$2rdacontent
=337  \\$acomputer$2rdamedia
=338  \\$aonline resource$2rdacarrier
=588  \\$aDescription based on CIP data; resource not viewed.
=650  \0$aSoccer players.
=859  \\$aELD$bebook
=852  \\$aBritish Library$bHMNTS$cDRT$jELD.DS.229812$qImperfect: incorrect title sent.
=985  \\$aRemoved eISBN 9781785781568 to aid resubmission of correct title (AG 7/9/23)
=CAT  \\$aBATCH-CIPN$b00$c20160524$lBLL01$h1704
=CAT  \\$aBATCH-EBKE$b00$c20171126$lBLL01$h0209
=CAT  \\$aEBKS-FXD$c20171126$lBLL01$h0218
=CAT  \\$aBATCH$b00$c20171126$lBLL01$h0221
=CAT  \\$aBATCH$b00$c20171126$lBLL01$h0222
=CAT  \\$aBATCH-UPD$b00$c20171126$lBLL01$h0225
=CAT  \\$aBATCH$c20191017$lBLL01$h1552
=CAT  \\$aBATCH-UPD$b00$c20191017$lBLL01$h1706
=CAT  \\$a11279$b40$c20230907$lBLL01$h0928
=FIN  \\$aY$d20191017
=DRT  \\$aLD-ebooks
=STA  \\$aSUPPRESSED$bE-content not adequate for display
=ONS  \7$aSPO$x040000$2bisacsh
=ONS  \\$tfootball, geoff hurst, sir geoff hurst, soccer, greatest, world cup, england, 1966$2Subject Keywords
=LAS  \\$a11279$b40$c20230907$lBLL01$h0928

