=LDR  01310 am a22004095i 4500
=001  017875221
=003  Uk
=005  20210520092959.0
=006  m\\\\||\\d\|\\\\\\
=007  cr\|||||||||||
=008  160608s2011\\\\||||||||o\\\\||||\||eng\\
=FMT  \\$a  BK
=020  \\$a9781455700431$qEPUB
=020  \\$a1455700436$qEPUB
=037  \\$a9781455700431$bIngram Content Group
=040  \\$aUk$beng$cUk
=100  1\$aGean, Alisa$eauthor
=245  10$aImaging of Ischemic Stroke, An Issue of Neuroimaging Clinics /$cAlisa Gean.
=264  \1$bSaunders,$c2011.
=300  \\$a1 online resource.
=336  \\$atext$2rdacontent
=337  \\$acomputer$2rdamedia
=338  \\$aonline resource$2rdacarrier
=490  1\$aThe Clinics: Radiology$v20-4
=859  \\$aELD$bebook
=852  \\$aBritish Library$bHMNTS$cDRT$jELD.DS.63892$qImperfect: incorrect title sent
=CAT  \\$aBATCH-EBKN$b00$c20160611$lBLL01$h0216
=CAT  \\$aEBKS-FXD$c20160611$lBLL01$h0223
=CAT  \\$aBATCH$b00$c20160611$lBLL01$h0224
=CAT  \\$aW1810-2163$c20190208$lBLL01$h2020
=CAT  \\$a7164$b40$c20210520$lBLL01$h0929
=DRT  \\$aLD-ebooks
=SRC  \\$aIngrams
=STA  \\$aSUPPRESSED$bE-content not adequate for display
=ONX  \\$aUS
=ONS  \7$aMED$x080000$2bisacsh
=LAS  \\$a7164$b40$c20210520$lBLL01$h0929

