=LDR  01516 am a22004455i 4500
=001  017901295
=003  Uk
=005  20190208202057.0
=006  m\\\\||\\d\|\\\\\\
=007  cr\|||||||||||
=008  160616s2016\\\\xxk||||go\\\\||||\||eng\\
=FMT  \\$a  BK
=020  \\$a9780008206604$qElectronic book (EPUB format)
=020  \\$a0008206600$qElectronic book (EPUB format)
=037  \\$a9780008206604$bHarlequin UK
=040  \\$aUk$beng$cUk
=100  1\$aWalker, Wendy,$eauthor.
=245  10$aAll Is Not Forgotten :$bFree sample: The gripping thriller you'll never forget /$cWendy Walker.
=250  \\$aEPub edition.
=264  \1$aLondon :$bMIRA,$c2016.
=300  \\$a1 online resource (60 pages).
=336  \\$atext$2rdacontent
=337  \\$acomputer$2rdamedia
=338  \\$aonline resource$2rdacarrier
=650  \7$aFiction and related items / Crime and mystery.$2bicssc
=650  \7$aFICTION$xThrillers$xCrime.$2bisacsh
=859  \\$aELD$bebook
=852  \\$aBritish Library$bHMNTS$cDRT$jELD.DS.66509
=CAT  \\$aBATCH-EBKN$b00$c20160702$lBLL01$h0218
=CAT  \\$aEBKS-FXD$c20160702$lBLL01$h0229
=CAT  \\$aBATCH$b00$c20160702$lBLL01$h0229
=CAT  \\$a7164$b40$c20170906$lBLL01$h1035
=CAT  \\$aW1810-2163$c20190208$lBLL01$h2020
=DRT  \\$aLD-ebooks
=SRC  \\$aCollection Metadata
=STA  \\$aSUPPRESSED$bPromotional sampler
=ONS  \7$aFF$2bicssc
=ONS  \7$aFIC$x031010$2bisacsh
=ONS  \7$aFIC$x031080$2bisacsh
=LAS  \\$aW1810-2163$b00$c20190208$lBLL01$h2020

