=LDR  01582aam a22004931i 4500
=001  017990114
=003  Uk
=005  20190208202344.0
=006  m\\\\||\\d\|\\\\\\
=007  cr\|||||||||||
=008  160828s2015\\\\xxk|||||o\\\\||||\||eng\\
=FMT  \\$a  BK
=015  \\$aGBB753597$2bnb
=020  \\$a9780702055720
=040  \\$aUk$beng$cUk
=042  \\$aukblsr
=082  04$a617.7$223
=100  10$aKanski, Jack J.,$eauthor.
=240  10$aClinical ophthalmology
=245  10$aKanski's clinical ophthalmology :$ba systematic approach.
=250  \\$aEighth edition /$bBrad Bowling.
=264  \1$aUK :$bElsevier,$c2015.
=300  \\$a1 online resource.
=336  \\$atext$2rdacontent
=337  \\$acomputer$2rdamedia
=338  \\$aonline resource$2rdacarrier
=650  \0$aOphthalmology.
=700  1\$aBowling, Brad$q(Bradley),$eauthor.
=859  \\$aELD$bebook
=852  \\$aBritish Library$bHMNTS$cDRT$jELD.DS.83245$qImperfect: DRM problem.
=BUF  1\$aN$d20170327
=CAT  \\$aBATCH-EBKN$b00$c20160828$lBLL01$h0203
=CAT  \\$aEBKS-FXD$c20160828$lBLL01$h0213
=CAT  \\$aBATCH$b00$c20160828$lBLL01$h0215
=CAT  \\$aBATCH-UPEB$b00$c20170327$lBLL01$h1700
=CAT  \\$aBATCH-UPD$b00$c20170327$lBLL01$h1706
=CAT  \\$a11279$b40$c20180209$lBLL01$h1015
=CAT  \\$a11279$b40$c20180209$lBLL01$h1016
=CAT  \\$aW1810-2163$c20190208$lBLL01$h2023
=FIN  \\$aY$d20170327
=DRT  \\$aLD-ebooks
=SRC  \\$aSubmission Portal
=STA  \\$aSUPPRESSED$bE-content not adequate for display
=LAS  \\$aW1810-2163$b00$c20190208$lBLL01$h2023

