=LDR  01056 am a22003375i 4500
=001  017990154
=003  Uk
=005  20190312141610.0
=006  m\\\\||\\d\|\\\\\\
=007  cr\|||||||||||
=008  160828s2015\\\\xxk|||||o\\\\||||\||eng\\
=FMT  \\$a  BK
=020  \\$a9781910835579
=040  \\$aUk$beng$cUk
=245  00$aUK national risk assessment of money laundering and terrorist financing.
=264  \1$aLondon :$bHM Treasury,$c2015.
=300  \\$a1 online resource.
=336  \\$atext$2rdacontent
=337  \\$acomputer$2rdamedia
=338  \\$aonline resource$2rdacarrier
=859  \\$aELD$bebook
=852  \\$aBritish Library$bHMNTS$cDRT$jELD.DS.83285
=CAT  \\$aBATCH-EBKN$b00$c20160828$lBLL01$h0203
=CAT  \\$aEBKS-FXD$c20160828$lBLL01$h0213
=CAT  \\$aBATCH$b00$c20160828$lBLL01$h0215
=CAT  \\$aW1810-2163$c20190208$lBLL01$h2023
=CAT  \\$a15190$b40$c20190312$lBLL01$h1416
=DRT  \\$aLD-ebooks
=SRC  \\$aSubmission Portal
=STA  \\$aSUPPRESSED$bRebatched as Serial
=LAS  \\$a15190$b40$c20190312$lBLL01$h1416

