=LDR  01994 am a2200529 i 4500
=001  017996843
=003  Uk
=005  20210614155903.0
=006  m\\\\||\\d\|\\\\\\
=007  cr\|||||||||||
=008  160902s2015\\\\enka\\\\o\\\\|0|0\0|eng\\
=FMT  \\$a  BK
=015  \\$aGBC010038$2bnb
=020  \\$a9781782468462
=040  \\$aUk$beng$cUk$erda
=042  \\$aukblsr
=082  04$a363.232$223
=245  00$aOperation of police powers under the Terrorism Act 2000 and subsequent legislation :$barrests, outcomes, and stop and search, Great Britain, financial year ending 31 March 2015.
=264  \1$a[London] :$bHome Office,$cSeptember 2015.
=300  \\$a1 online resource (31 pages) :$billustrations (colour).
=336  \\$atext$2rdacontent
=337  \\$acomputer$2rdamedia
=338  \\$aonline resource$2rdacarrier
=490  1\$aStatistical bulletin,$x1759-7005 ;$v04/15
=650  \7$aArrest (Police methods)$2fast$0(OCoLC)fst00815075
=650  \7$aSearches and seizures.$2fast$0(OCoLC)fst01110379
=650  \7$aPolice power.$2fast$0(OCoLC)fst01068645
=650  \7$aTerrorism$xPrevention.$2fast$0(OCoLC)fst01148123
=650  \7$aStatistics.$2fast$0(OCoLC)fst01132103
=651  \7$aGreat Britain.$2fast$0(OCoLC)fst01204623
=710  1\$aGreat Britain.$bHome Office.
=830  \0$aHome Office statistical bulletin ;$v04/15.
=859  \\$aELD$bebook
=852  \\$aBritish Library$bHMNTS$cDRT$jELD.DS.84761
=CAT  \\$aBATCH-EBKN$b00$c20160902$lBLL01$h0202
=CAT  \\$aEBKS-FXD$c20160902$lBLL01$h0214
=CAT  \\$aBATCH$b00$c20160902$lBLL01$h0215
=CAT  \\$aW1810-2163$c20190208$lBLL01$h2023
=CAT  \\$a8141$b40$c20200122$lBLL01$h1146
=CAT  \\$a8141$b40$c20200122$lBLL01$h1152
=CAT  \\$a8141$b40$c20200128$lBLL01$h0934
=CAT  \\$a15190$b40$c20210614$lBLL01$h1559
=FIN  \\$aY$d20190122
=DRT  \\$aLD-ebooks
=SRC  \\$aSubmission Portal
=STA  \\$aSUPPRESSED$bRebatched as Serial
=LAS  \\$a15190$b40$c20210614$lBLL01$h1559

