=LDR  01198 am a22003615i 4500
=001  017997761
=003  Uk
=005  20210512082831.0
=006  m\\\\||\\d\|\\\\\\
=007  cr\|||||||||||
=008  160904s2016\\\\xxk|||||o\\\\||||\||eng\\
=FMT  \\$a  BK
=020  \\$a9781908545855
=040  \\$aUk$beng$cUk
=245  00$aA-Z of Plant & Machinery.
=264  \1$aEngland :$bClaritax Books,$c2016.
=300  \\$a1 online resource.
=336  \\$atext$2rdacontent
=337  \\$acomputer$2rdamedia
=338  \\$aonline resource$2rdacarrier
=500  \\$aA guide to what qualifies, or does not qualify, as plant or machinery, for the purposes of claiming capital allowances.
=720  0\$aRay Chidell and Lindsay Pentelow
=859  \\$aELD$bebook
=852  \\$aBritish Library$bHMNTS$cDRT$jELD.DS.85214
=CAT  \\$aBATCH-EBKN$b00$c20160904$lBLL01$h0202
=CAT  \\$aEBKS-FXD$c20160904$lBLL01$h0211
=CAT  \\$aBATCH$b00$c20160904$lBLL01$h0212
=CAT  \\$aW1810-2163$c20190208$lBLL01$h2023
=CAT  \\$a15020$b40$c20210512$lBLL01$h0828
=DRT  \\$aLD-ebooks
=SRC  \\$aSubmission Portal
=STA  \\$aSUPPRESSED$bRebatched as Serial
=LAS  \\$a15020$b40$c20210512$lBLL01$h0828

