=LDR  01979 am a2200529 i 4500
=001  018004426
=003  Uk
=005  20210614155810.0
=006  m\\\\||\\d\|\\\\\\
=007  cr\|||||||||||
=008  160909s2016\\\\enka\\\\o\\\\|0|0\0|eng\\
=FMT  \\$a  BK
=015  \\$aGBC010121$2bnb
=020  \\$a9781786551009
=040  \\$aUk$beng$cUk$erda
=042  \\$aukblsr
=082  04$a363.232$223
=245  00$aOperation of police powers under the Terrorism Act 2000 and subsequent legislation :$barrests, outcomes, and stop and search, Great Britain, quarterly update to December 2015.
=264  \1$a[London] :$bHome Office,$cMarch 2016.
=300  \\$a1 online resource (18 pages) :$billustrations (colour).
=336  \\$atext$2rdacontent
=337  \\$acomputer$2rdamedia
=338  \\$aonline resource$2rdacarrier
=490  1\$aStatistical bulletin,$x1759-7005 ;$v02/16
=650  \7$aArrest (Police methods)$2fast$0(OCoLC)fst00815075
=650  \7$aSearches and seizures.$2fast$0(OCoLC)fst01110379
=650  \7$aPolice power.$2fast$0(OCoLC)fst01068645
=650  \7$aTerrorism$xPrevention.$2fast$0(OCoLC)fst01148123
=650  \7$aStatistics.$2fast$0(OCoLC)fst01132103
=651  \7$aGreat Britain.$2fast$0(OCoLC)fst01204623
=690  7\$aSocial Welfare$2blcoll
=710  1\$aGreat Britain.$bHome Office.
=830  \0$aHome Office statistical bulletin ;$v02/16.
=859  \\$aELD$bebook
=852  \\$aBritish Library$bHMNTS$cDRT$jELD.DS.86458
=CAT  \\$aBATCH-EBKN$b00$c20160909$lBLL01$h0201
=CAT  \\$aEBKS-FXD$c20160909$lBLL01$h0205
=CAT  \\$aBATCH$b00$c20160909$lBLL01$h0206
=CAT  \\$aW1810-2163$c20190208$lBLL01$h2024
=CAT  \\$a8141$b40$c20200123$lBLL01$h0810
=CAT  \\$a8141$b40$c20200128$lBLL01$h0934
=CAT  \\$a15190$b40$c20210614$lBLL01$h1558
=FIN  \\$aY$d20190123
=DRT  \\$aLD-ebooks
=SRC  \\$aSubmission Portal
=STA  \\$aSUPPRESSED$bRebatched as Serial
=LAS  \\$a15190$b40$c20210614$lBLL01$h1558

