=LDR  01874 am a2200493 i 4500
=001  018034983
=003  Uk
=005  20170119160254.0
=006  m\\\\||\\d\|\\\\\\
=007  cr\|||||||||||
=008  161002s2015\\\\ie\a\\\\ob\\\|0|0\0|eng\\
=FMT  \\$a  BK
=015  \\$aGBB6F9506$2bnb
=040  \\$aUk$beng$cUk$erda
=042  \\$aukblsr
=082  04$a618.8526$223
=110  2\$aBodywhys (Organisation),$eauthor,$epublisher.
=245  10$aBinge eating: breaking the cycle :$ba self-help guide towards recovery /$cBodywhys, The Eating Disorders Association of Ireland.
=250  \\$aSecon edition.
=264  \1$aBlackrock, Co. Dublin :$bBodywhys: The Eating Disorders Association of Ireland,$c[2015]
=300  \\$a1 online resource (44 pages) :$billustrations (colour)
=336  \\$atext$2rdacontent
=337  \\$acomputer$2rdamedia
=338  \\$aonline resource$2rdacarrier
=500  \\$a"This project was funded by National Office for Suicide Prevention (NOSP)"-- title page.
=504  \\$aIncludes bibliographical references.
=530  \\$aAlso issued in print format.
=650  \0$aEating disorders.
=650  \0$aEating disorders$xTreatment.
=710  2\$aNational Office for Suicide Prevention (Ireland),$esponsoring body.
=859  \\$aELD$bebook
=852  \\$aBritish Library$bHMNTS$cDRT$jELD.DS.93645
=CAT  \\$aBATCH-EBKN$b00$c20161002$lBLL01$h0247
=CAT  \\$aEBKS-FXD$c20161002$lBLL01$h0305
=CAT  \\$aBATCH$b00$c20161002$lBLL01$h0305
=CAT  \\$a8141$b40$c20161121$lBLL01$h0937
=CAT  \\$a8141$b40$c20161121$lBLL01$h1054
=CAT  \\$a3072$b40$c20170119$lBLL01$h1602
=CAT  \\$aW1711-1225$c20171203$lBLL01$h1057
=FIN  \\$aY$d20161121
=DRT  \\$aLD-ebooks
=SRC  \\$aSubmission Portal
=STA  \\$aSUPPRESSED$bunable to determine reason for suppression
=LAS  \\$aW1711-1225$b00$c20171203$lBLL01$h1057

