=LDR  01903 am a2200493 i 4500
=001  018034985
=003  Uk
=005  20170206080311.0
=006  m\\\\||\\d\|\\\\\\
=007  cr\|||||||||||
=008  161002s2009\\\\ie\\\\\\o\\\\\0|0\0|eng\\
=FMT  \\$a  BK
=015  \\$aGBB6F9509$2bnb
=040  \\$aUk$beng$cUk$erda
=042  \\$aukblsr
=082  04$a618.8526$223
=110  2\$aBodywhys (Organisation),$eauthor,$epublisher.
=245  10$aEating disorders :$ba resource for parents /$cBodywhys, The Eating Disorders Association of Ireland.
=264  \1$aBlackrock, Co. Dublin, [Ireland] :$bBodywhys: The Eating Disorders Association of Ireland,$c[2009?]
=300  \\$a1 online resource (59 unnumbered pages)
=336  \\$atext$2rdacontent
=337  \\$acomputer$2rdamedia
=338  \\$aonline resource$2rdacarrier
=500  \\$a"This project was funded by: ESB Electric Aid Ireland, The People in Need Trust, The Community Foundation for Ireland" -- title page.
=650  \0$aEating disorders.
=650  \0$aEating disorders$xTreatment.
=650  \0$aEating disorders$xDiagnosis.
=710  2\$aElectric Aid (Charity),$esponsoring body.
=710  2\$aPeople in Need Trust,$esponsoring body.
=710  2\$aCommunity Foundation for Ireland,$esponsoring body.
=859  \\$aELD$bebook
=852  \\$aBritish Library$bHMNTS$cDRT$jELD.DS.93647
=CAT  \\$aBATCH-EBKN$b00$c20161002$lBLL01$h0247
=CAT  \\$aEBKS-FXD$c20161002$lBLL01$h0305
=CAT  \\$aBATCH$b00$c20161002$lBLL01$h0305
=CAT  \\$a8141$b40$c20161121$lBLL01$h1054
=CAT  \\$a11279$b40$c20170202$lBLL01$h1325
=CAT  \\$a7332$b40$c20170206$lBLL01$h0803
=CAT  \\$aW1711-1225$c20171203$lBLL01$h1057
=FIN  \\$aY$d20161121
=DRT  \\$aLD-ebooks
=SRC  \\$aSubmission Portal
=STA  \\$aSUPPRESSED$bunable to determine reason for suppression
=LAS  \\$aW1711-1225$b00$c20171203$lBLL01$h1057

