=LDR  02013 am a2200529 i 4500
=001  018034997
=003  Uk
=005  20180615091517.0
=006  m\\\\||\\d\|\\\\\\
=007  cr\|||||||||||
=008  161002s2015\\\\enkab\\\o\\\\\000\0\eng\\
=FMT  \\$a  BK
=015  \\$aGBB891026$2bnb
=020  \\$a9781910045251
=040  \\$aUk$beng$cUk$erda
=042  \\$aukblsr
=082  04$a338.4762233820284$223
=110  2\$aDouglas-Westwood (Firm),$eauthor.
=245  10$aWorld Oilfield Equipment Market Forecast 2015-2019 :$bQ4 November 2015 /$ceditor, Steve Robertson, assistant editor, Hannah Lewendon; report authors, Matt Adams, Matt Cook, Jacob Halevy.
=264  \1$aUnited Kingdom :$bDouglas-Westwood,$c6th November 2015.
=300  \\$a1 online resource (102 pages) :$billustrations (colour) 1 map (colour).
=336  \\$atext$2rdacontent
=337  \\$acomputer$2rdamedia
=338  \\$aonline resource$2rdacarrier
=490  0\$aDW report ;$vnumber 571.3-16
=650  \0$aOil field equipment and supplies industry$xStatistics.
=650  \0$aOil field equipment and supplies industry$vStatistics.
=650  \0$aMarket surveys.
=690  7\$aManagement and Business Studies$2blcoll
=700  1\$aAdams, Matt$c(Researcher),$eauthor.
=700  1\$aCook, Matt$c(Oil & gas analyst),$eauthor.
=700  1\$aHalevy, Jacob,$eauthor.
=700  1\$aRobertson, Steve$c(Director at Douglas-Westwood),$eeditor.
=700  1\$aLewendon, Hannah,$eeditor.
=859  \\$aELD$bebook
=852  \\$aBritish Library$bHMNTS$cDRT$jELD.DS.93659
=CAT  \\$aBATCH-EBKN$b00$c20161002$lBLL01$h0247
=CAT  \\$aEBKS-FXD$c20161002$lBLL01$h0305
=CAT  \\$aBATCH$b00$c20161002$lBLL01$h0305
=CAT  \\$a7332$b40$c20180516$lBLL01$h0643
=CAT  \\$a7332$b40$c20180606$lBLL01$h0740
=CAT  \\$a15005$b40$c20180615$lBLL01$h0915
=FIN  \\$aY$d20180516
=DRT  \\$aLD-ebooks
=SRC  \\$aSubmission Portal
=STA  \\$aSUPPRESSED$bRebatched as Serial
=LAS  \\$a15005$b40$c20180615$lBLL01$h0915

