=LDR  01542 am a2200445 i 4500
=001  018035012
=003  Uk
=005  20180510121806.0
=006  m\\\\||\\d\|\\\\\\
=007  cr\|||||||||||
=008  161002s2016\\\\enkab\\\o\\\\|0|0\0|eng\\
=FMT  \\$a  BK
=015  \\$aGBB700083$2bnb
=040  \\$aUk$beng$cUk$erda
=042  \\$aukblsr
=082  04$a336.206$223
=110  1\$aGreat Britain.$bHM Revenue & Customs,$eauthor.
=245  10$aUK charity tax relief statistics 1990-91 to 2015-16 /$cHM Revenue & Customs.
=264  \1$a[London] :$bHM Revenue & Customs,$c2016.
=300  \\$a1 online resource (53 pages) :$billustrations (colour), 2 maps (colour)
=336  \\$atext$2rdacontent
=337  \\$acomputer$2rdamedia
=338  \\$aonline resource$2rdacarrier
=500  \\$a"National Statistics."
=650  \0$aCharities$xTaxation$zGreat Britain$vStatistics.
=650  \0$aCharities$xTaxation$zGreat Britain$xStatistics.
=690  7\$aManagement and Business Studies$2blcoll
=859  \\$aELD$bebook
=852  \\$aBritish Library$bHMNTS$cDRT$jELD.DS.93674
=CAT  \\$aBATCH-EBKN$b00$c20161002$lBLL01$h0247
=CAT  \\$aEBKS-FXD$c20161002$lBLL01$h0305
=CAT  \\$aBATCH$b00$c20161002$lBLL01$h0306
=CAT  \\$a8141$b40$c20170103$lBLL01$h0927
=CAT  \\$aBATCH-MBS$c20170106$lBLL01$h2113
=CAT  \\$a10983$b40$c20180510$lBLL01$h1218
=FIN  \\$aY$d20170103
=DRT  \\$aLD-ebooks
=SRC  \\$aSubmission Portal
=STA  \\$aSUPPRESSED$bRebatched as Serial
=LAS  \\$a10983$b40$c20180510$lBLL01$h1218

