=LDR  01541 am a22004331i 4500
=001  018035630
=003  Uk
=005  20180308055353.0
=006  m\\\\||\\d\|\\\\\\
=007  cr\|||||||||||
=008  161003s2016\\\\enk\\\\\o\\\\\000\p\eng\\
=FMT  \\$a  BK
=015  \\$aGBB844740$2bnb
=040  \\$aUk$beng$cUk$erda
=042  \\$aukblsr
=082  04$a821.92$223
=100  1\$aEzeamalukwuo, Chukwudi Okoye,$eauthor.
=245  14$aThe Words of My Mother :$bAn Anthology of Poetry /$cChukwudi Okoye Ezeamalukwuo.
=264  \1$a[London] :$bBahati Books,$c2016.
=300  \\$a1 online resource
=336  \\$atext$2rdacontent
=337  \\$acomputer$2rdamedia
=338  \\$aonline resource$2rdacarrier
=500  \\$a"The Words of my Mother" is a multi-layered poetry collection which unearths a world which remains buried in our modern-day era, which is dominated by television, laptops, smartphones and social media.
=859  \\$aELD$bebook
=852  \\$aBritish Library$bHMNTS$cDRT$jELD.DS.93753
=985  \\$a100 = new hdg.
=CAT  \\$aBATCH-EBKN$b00$c20161003$lBLL01$h0226
=CAT  \\$aEBKS-FXD$c20161003$lBLL01$h0229
=CAT  \\$aBATCH$b00$c20161003$lBLL01$h0229
=CAT  \\$a7332$b40$c20180306$lBLL01$h0629
=CAT  \\$a7332$b40$c20180306$lBLL01$h0800
=CAT  \\$a7332$b40$c20180306$lBLL01$h0801
=CAT  \\$a7332$b40$c20180308$lBLL01$h0553
=FIN  \\$aY$d20180306
=DRT  \\$aLD-ebooks
=SRC  \\$aSubmission Portal
=STA  \\$aSUPPRESSED$bAccess problem
=LAS  \\$a7332$b40$c20180308$lBLL01$h0553

