=LDR  01480 am a22004331i 4500
=001  018035631
=003  Uk
=005  20180308055319.0
=006  m\\\\||\\d\|\\\\\\
=007  cr\|||||||||||
=008  161003s2015\\\\enk\\\\\o\\\\\000\j\eng\\
=FMT  \\$a  BK
=015  \\$aGBB844739$2bnb
=040  \\$aUk$beng$cUk$erda
=042  \\$aukblsr
=082  04$a823.92$223
=100  1\$aPhiri, Marko,$eauthor.
=245  10$aFool's Gold /$cMarko Phiri.
=264  \1$a[London] :$bBahati Books,$c2015.
=300  \\$a1 online resource
=336  \\$atext$2rdacontent
=337  \\$acomputer$2rdamedia
=338  \\$aonline resource$2rdacarrier
=500  \\$aIn this debut short story collection, readers follow the lives of an array of characters - from three distinct corners of Zimbabwean society. The collection follows people who are wealthy, middle class poor.
=859  \\$aELD$bebook
=852  \\$aBritish Library$bHMNTS$cDRT$jELD.DS.93754
=985  \\$a100 = new hdg.
=CAT  \\$aBATCH-EBKN$b00$c20161003$lBLL01$h0226
=CAT  \\$aEBKS-FXD$c20161003$lBLL01$h0229
=CAT  \\$aBATCH$b00$c20161003$lBLL01$h0229
=CAT  \\$a7332$b40$c20180306$lBLL01$h0624
=CAT  \\$a7332$b40$c20180306$lBLL01$h0628
=CAT  \\$a7332$b40$c20180306$lBLL01$h0800
=CAT  \\$a7332$b40$c20180308$lBLL01$h0553
=FIN  \\$aY$d20180306
=DRT  \\$aLD-ebooks
=SRC  \\$aSubmission Portal
=STA  \\$aSUPPRESSED$bAccess problem
=LAS  \\$a7332$b40$c20180308$lBLL01$h0553

