=LDR  01478 am a22004331i 4500
=001  018035632
=003  Uk
=005  20180308055252.0
=006  m\\\\||\\d\|\\\\\\
=007  cr\|||||||||||
=008  161003s2016\\\\enk\\\\\o\\\\\000\j\eng\\
=FMT  \\$a  BK
=015  \\$aGBB844738$2bnb
=040  \\$aUk$beng$cUk$erda
=042  \\$aukblsr
=082  04$a823.92$223
=100  1\$aMakolo, Ayibu,$eauthor.
=245  14$aThe Farewell /$cAyibu Makolo.
=264  \1$a[London] :$bBahati Books,$c2016.
=300  \\$a1 online resource
=336  \\$atext$2rdacontent
=337  \\$acomputer$2rdamedia
=338  \\$aonline resource$2rdacarrier
=500  \\$aThe Farewell is a compilation of captivating and engaging stories that delve deeply into the everyday experiences and emotions of every human and will keep you reading right through to the very last page.
=859  \\$aELD$bebook
=852  \\$aBritish Library$bHMNTS$cDRT$jELD.DS.93755
=985  \\$a100 = new hdg.
=CAT  \\$aBATCH-EBKN$b00$c20161003$lBLL01$h0226
=CAT  \\$aEBKS-FXD$c20161003$lBLL01$h0229
=CAT  \\$aBATCH$b00$c20161003$lBLL01$h0229
=CAT  \\$a7332$b40$c20180306$lBLL01$h0602
=CAT  \\$a7332$b40$c20180306$lBLL01$h0623
=CAT  \\$a7332$b40$c20180306$lBLL01$h0756
=CAT  \\$a7332$b40$c20180308$lBLL01$h0552
=FIN  \\$aY$d20180306
=DRT  \\$aLD-ebooks
=SRC  \\$aSubmission Portal
=STA  \\$aSUPPRESSED$bAccess problem
=LAS  \\$a7332$b40$c20180308$lBLL01$h0552

