=LDR  02213cam a22005891i 4500
=001  018066835
=003  Uk
=005  20230223163125.0
=006  m\\\\||\\d\|\\\\\\
=007  cr\|||||||||||
=008  161017s2016\\\\enk\\\\\o\\\\\000\f\eng\d
=FMT  \\$a  BK
=015  \\$aGBB6J3278$2bnb
=020  \\$a9780957001978$q(electronic bk.)
=020  \\$a0957001975$q(electronic bk.)
=020  \\$z0957001975
=040  \\$aNLE$beng$cNLE$dTEFOD$dOCLCO$dUk$erda
=042  \\$aukblsr
=050  \4$aPR6119.T66
=082  04$a823/.92$223
=100  1\$aStone, Al$c(Novelist),$eauthor.
=245  10$aGround zero /$cAlecia Stone.
=264  \1$aLondon :$bCentrinian Publishing Ltd,$c2016.
=300  \\$a1 online resource.
=336  \\$atext$2rdacontent
=337  \\$acomputer$2rdamedia
=338  \\$aonline resource$2rdacarrier
=490  1\$aTalisman of El trilogy ;$vbook three
=500  \\$aCharlie Blake is on a quest to save mankind. At least, that's what they told him. As he starts digging up the past, he realises his destiny could very well be to destroy everything he loves. Hero or villain? Charlie isn't so sure anymore.
=650  \0$aGood and evil$vFiction.
=655  \7$aFantasy fiction.$2fast$0(OCoLC)fst01726607
=800  1\$aStone, Al$c(Novelist).$tTalisman of El trilogy ;$vbook three.
=859  \\$aELD$bebook
=889  \\$a(OCoLC)961357452
=852  \\$aBritish Library$bHMNTS$cDRT$jELD.DS.95303
=985  \\$aUpdated by MS generated file for WR2302-017
=BUF  1\$aN$d20161128
=CAT  \\$aBATCH-EBKN$b00$c20161017$lBLL01$h0229
=CAT  \\$aEBKS-FXD$c20161017$lBLL01$h0234
=CAT  \\$aBATCH$b00$c20161017$lBLL01$h0234
=CAT  \\$aBATCH-UPEB$b00$c20161128$lBLL01$h1700
=CAT  \\$aBATCH-UPD$b00$c20161128$lBLL01$h1702
=CAT  \\$a10983$b40$c20170808$lBLL01$h0954
=CAT  \\$a7416$b40$c20170811$lBLL01$h1438
=CAT  \\$a7416$b40$c20170811$lBLL01$h1448
=CAT  \\$aW1711-1225$c20171203$lBLL01$h1057
=CAT  \\$aW2302-0174$c20230223$lBLL01$h2011
=FIN  \\$aY$d20161128
=DRT  \\$aLD-ebooks
=SRC  \\$aSubmission Portal
=STA  \\$aSUPPRESSED$bunable to determine reason for suppression
=LAS  \\$aW2302-0174$b00$c20230223$lBLL01$h2011

