=LDR  01885 am a2200505 i 4500
=001  018071991
=003  Uk
=005  20210614155702.0
=006  m\\\\||\\d\|\\\\\\
=007  cr\|||||||||||
=008  161021s2016\\\\enka\\\\o\\\\|0|0\0|eng\\
=FMT  \\$a  BK
=015  \\$aGBB833791$2bnb
=020  \\$a9781786551481
=040  \\$aUk$beng$cUk$erda
=042  \\$aukblsr
=082  04$a363.2320941$223
=245  00$aOperation of police powers under the Terrorism Act 2000 and subsequent legislation :$bArrests, outcomes, and stop and search, Great Britain, financial year ending 31 March 2016.
=264  \1$aLondon :$bHome Office,$cJune 2016.
=300  \\$a1 online resource (iv, 24 pages) :$billustrations (colour).
=336  \\$atext$2rdacontent
=337  \\$acomputer$2rdamedia
=338  \\$aonline resource$2rdacarrier
=490  1\$aStatistical bulletin,$x1759-7005 ;$v04/16
=650  \0$aArrest (Police methods)$zGreat Britain$vStatistics.
=650  \0$aSearches and seizures$zGreat Britain$vStatistics.
=650  \0$aPolice power$zGreat Britain$vStatistics.
=650  \0$aTerrorism$xPrevention$zGreat Britain$vStatistics.
=690  7\$aSocial Welfare$2blcoll
=710  1\$aGreat Britain.$bHome Office.
=710  2\$aUK Statistics Authority.
=830  \0$aHome Office statistical bulletin (Online) ;$v1759-7005.
=859  \\$aELD$bebook
=852  \\$aBritish Library$bHMNTS$cDRT$jELD.DS.95512
=CAT  \\$aBATCH-EBKN$b00$c20161021$lBLL01$h0224
=CAT  \\$aEBKS-FXD$c20161021$lBLL01$h0230
=CAT  \\$aBATCH$b00$c20161021$lBLL01$h0231
=CAT  \\$a11433$b40$c20161108$lBLL01$h1455
=CAT  \\$a8141$b40$c20180213$lBLL01$h1040
=CAT  \\$a15190$b40$c20210614$lBLL01$h1557
=FIN  \\$aY$d20180213
=DRT  \\$aLD-ebooks
=SRC  \\$aSubmission Portal
=STA  \\$aSUPPRESSED$bRebatched as Serial
=LAS  \\$a15190$b40$c20210614$lBLL01$h1557

