=LDR  02014 am a2200529 i 4500
=001  018072014
=003  Uk
=005  20180615090741.0
=006  m\\\\||\\d\|\\\\\\
=007  cr\|||||||||||
=008  161021s2016\\\\enka\\\\o\\\\\0|0\0|eng\\
=FMT  \\$a  BK
=015  \\$aGBB835387$2bnb
=020  \\$a9781910045343
=040  \\$aUk$beng$cUk$erda
=042  \\$aukblsr
=082  04$a338.4762233820284$223
=110  2\$aDouglas-Westwood (Firm),$eauthor.
=245  10$aWorld oilfield equipment market forecast 2016-2020.$nQ1 March 2015 /$ceditor, Steve Robertson, assistant editor, Andy Jenkins; report authors, Matt Adams, Matt Cook.
=264  \1$aUnited Kingdom :$bDouglas-Westwood,$c21st April 2016.
=300  \\$a1 online resource (102 pages) :$billustrations (colour).
=336  \\$atext$2rdacontent
=337  \\$acomputer$2rdamedia
=338  \\$aonline resource$2rdacarrier
=490  0\$aDW report ;$vnumber 605-16
=650  \0$aOil field equipment and supplies industry$xStatistics.
=650  \0$aOil field equipment and supplies industry$vStatistics.
=650  \0$aMarket surveys.
=690  7\$aManagement and Business Studies$2blcoll
=700  1\$aAdams, Matt$c(Researcher),$eauthor.
=700  1\$aCook, Matt$c(Oil & gas analyst),$eauthor.
=700  1\$aRobertson, Steve$c(Director at Douglas-Westwood),$eeditor.
=700  1\$aJenkins, Andy$c(Writer on offshore oil industry),$eeditor.
=859  \\$aELD$bebook
=852  \\$aBritish Library$bHMNTS$cDRT$jELD.DS.95535
=CAT  \\$aBATCH-EBKN$b00$c20161021$lBLL01$h0224
=CAT  \\$aEBKS-FXD$c20161021$lBLL01$h0230
=CAT  \\$aBATCH$b00$c20161021$lBLL01$h0231
=CAT  \\$a8141$b40$c20180215$lBLL01$h1418
=CAT  \\$aBATCH-MBS$c20180223$lBLL01$h2129
=CAT  \\$a7332$b40$c20180308$lBLL01$h0807
=CAT  \\$a15005$b40$c20180615$lBLL01$h0907
=FIN  \\$aY$d20180215
=DRT  \\$aLD-ebooks
=SRC  \\$aSubmission Portal
=STA  \\$aSUPPRESSED$bRebatched as Serial
=LAS  \\$a15005$b40$c20180615$lBLL01$h0907

