=LDR  01737 am a22004575i 4500
=001  018072469
=003  Uk
=005  20190208202514.0
=006  m\\\\||\\d\|\\\\\\
=007  cr\|||||||||||
=008  161018nuuuu||||||||||||o\\\\||||\||eng\\
=FMT  \\$a  BK
=020  \\$a9788535283778$qEPUB
=020  \\$a8535283773$qEPUB
=037  \\$a9788535283778$bIngram Content Group
=040  \\$aUk$beng$cUk
=100  1\$aPaula, Maria de Fatima Correa$eauthor
=245  10$aExame Físico na Prática Clínica da Enfermagem /$cMaria de Fatima Correa Paula, Eduarda Ribeiro dos Santos, Renata Eloah de Lucena Ferretti.
=264  \1$bElsevier Editora Ltda.
=300  \\$a1 online resource (240 pages).
=336  \\$atext$2rdacontent
=337  \\$acomputer$2rdamedia
=338  \\$aonline resource$2rdacarrier
=700  1\$ados Santos, Eduarda Ribeiro$eauthor
=700  1\$aFerretti, Renata Eloah de Lucena$eauthor
=859  \\$aELD$bebook
=852  \\$aBritish Library$bHMNTS$cDRT$jELD.DS.95670$qImperfect: ebook display problem.
=CAT  \\$aBATCH-EBKN$b00$c20161022$lBLL01$h0222
=CAT  \\$aEBKS-FXD$c20161022$lBLL01$h0228
=CAT  \\$aBATCH$b00$c20161022$lBLL01$h0228
=CAT  \\$a11279$b40$c20180117$lBLL01$h0913
=CAT  \\$a11279$b40$c20180117$lBLL01$h0916
=CAT  \\$a11279$b40$c20180117$lBLL01$h1559
=CAT  \\$aW1810-2163$c20190208$lBLL01$h2025
=DRT  \\$aLD-ebooks
=SRC  \\$aIngrams
=STA  \\$aSUPPRESSED$bE-content not adequate for display
=ONX  \\$aBR$bpor
=ONS  \7$aMED$x058020$2bisacsh
=ONS  \\$tExame Físico de Enfermagem; diagnóstico e enfermagem; Semiologia de enfermagem; fundamentos de enfermagem;$2Subject Keywords
=LAS  \\$aW1810-2163$b00$c20190208$lBLL01$h2025

