=LDR  01360 am a22003855i 4500
=001  018077521
=003  Uk
=005  20210413160248.0
=006  m\\\\||\\d\|\\\\\\
=007  cr\|||||||||||
=008  161027s2016\\\\xxk|||||o\\\\||||\||eng\\
=FMT  \\$a  BK
=020  \\$a978-0-9574622-6-7
=040  \\$aUk$beng$cUk
=082  04$a942.463$223$qUkWkNB
=245  00$aAudley Historian Number 22, 2016 :$bThe Journal of the Audley & District Family History Society.
=264  \1$aEndon, Stoke-on-Trent :$bAudley and District Family History Society,$c2016.
=300  \\$a1 online resource.
=336  \\$atext$2rdacontent
=337  \\$acomputer$2rdamedia
=338  \\$aonline resource$2rdacarrier
=500  \\$aArticles on the history of Audley and adjacent villages
=859  \\$aELD$bebook
=852  \\$aBritish Library$bHMNTS$cDRT$jELD.DS.96437
=985  \\$aCorrected by MS generated file for WR# 2102-0049
=CAT  \\$aBATCH-EBKN$b00$c20161027$lBLL01$h0231
=CAT  \\$aEBKS-FXD$c20161027$lBLL01$h0237
=CAT  \\$aBATCH$b00$c20161027$lBLL01$h0237
=CAT  \\$a10983$b40$c20180510$lBLL01$h1211
=CAT  \\$aW1810-2163$c20190208$lBLL01$h2025
=CAT  \\$aBLSS-CORR$b00$c20210413$lBLL01$h1602
=DRT  \\$aLD-ebooks
=SRC  \\$aSubmission Portal
=STA  \\$aSUPPRESSED$bRebatched as Serial
=LAS  \\$aBLSS-CORR$b00$c20210413$lBLL01$h1602

