=LDR  05812cam a22005891i 4500
=001  018086829
=003  Uk
=005  20220111130517.0
=006  m\\\\||\\d\|\\\\\\
=007  cr\|||||||||||
=008  161101s2016\\\\||||||||o\\\\||||\||eng\\
=FMT  \\$a  BK
=015  \\$aGBC183357$2bnb
=020  \\$a9788131246696$qEPUB
=020  \\$a8131246698$qEPUB
=037  \\$a9788131246696$bIngram Content Group
=040  \\$aUk$beng$cUk
=042  \\$aukblsr
=082  04$a617.632$223
=100  1\$aDwarakanath, Chini Doraiswami,$eauthor.
=240  10$aClinical periodontology
=245  10$aCarranza's clinical periodontology.
=246  30$aClinical periodontology
=250  \\$aSecond South Asia edition. /$bChini Doraiswami Dwarakanath ; edited by N. Ambalavanan, Dilip G. Nayak, Ashita Uppoor, Ashish Jain.
=264  \1$a[Place of publication not identified] :$bElsevier India,$c2016.
=300  \\$a1 online resource (794 pages).
=336  \\$atext$2rdacontent
=337  \\$acomputer$2rdamedia
=338  \\$aonline resource$2rdacarrier
=505  0\$a<p>PART -1 BIOLOGIC BASIS OF PERIODONTOLOGY </p> <p>Section I : Normal Periodontium</p> <ol> <p><li>Gingiva</li> <p><li>Tooth Supporting Structures</li> <p><li>Defense Mechanisms of Gingiva</li> <p><li>Aging and the Periodontium</li> <b> <p>Section II : Classification and Epidemiology of Periodontal disease </p></b> <p><li>Classification of Periodontal Disease</li> <p><li>Epidemiology of Gingival and Periodontal Disease</li> <b> <p>Section III: Etiology of Periodontal Disease </p></b> <p><li>Periodontal Pathogenesis</li> <p><li>Biofilm and Periodontal Microbiology </li> <p><li>Microbial interactions with the Host in Periodontal Diseases</li> <p><li>Role of calculus and other Predisposing Factors (including Genetics) </li> <p><li>Smoking and Periodontal Disease</li> <p><li>Influence of Systemic Conditions</li> <b> <p>Section IV: Periodontal Pathology </p></b> <p><li>Gingival inflammation</li> <p><li>Clinical features of gingivitis</li> <p><li>Gingival Enlargement </li> <p><li>Acute gingival infections </li> <p><li>Desquamative Gingivitis </li> <p><li>Periodontal Pocket</li> <p><li>Abscesses of the Periodontium</li> <p><li>Boneloss and patterns of bone destruction</li> <p><li>Trauma from Occlusion (including Pathological Migration) </li> <p><li>Chronic Periodontitis and Necrotizing Ulcerative Periodontitis</li> <p><li>Aggressive Periodontitis</li> <p><li>Pathology and management of periodontal problems in patients with HIV </li> <p><li>Impact of Periodontal infection on Systemic health</li> <b> <p>PART 2 CLINICAL PERIODONTICS </p> <p>Section I : Diagnosis, Prognosis and Treatment Plan</p></b> <p><li>Clinical diagnosis </li> <p><li>Risk assessment</li> <p><li>Determination of Prognosis </li> <p><li>Rationale for Periodontal Treatment and Treatment Plan </li> <b> <p>Section II : Management of Patients with Periodontal Diseases </p></b> <p><li>Periodontal treatment for medically compromised patients </li> <p><li>Periodontal treatment of Aggressive and Atypical form of Periodontitis</li> <b> <p>Section III : Diagnosis and Treatment of Periodontal Emergencies </p></b> <p><li>Treatment of Acute gingival diseases </li> <p><li>Treatment of Periodontal Abscess </li> <b> <p>Section IV : Non-surgical Treatment </p></b> <p><li>Phase 1 periodontal therapy</li> <p><li>Plaque Biofilm Control</li> <p><li>Periodontal Instruments and Instrumentation</li> <p><li>Scaling and root planing</li> <p><li>Anti-infective therapy </li> <p><li>Host modulation </li> <p><li>Breath Malodor</li> <b> <p>Section V : Surgical Treatment (Phase -2 Periodontal therapy) </p> <p><li>Phase II periodontal therapy (surgical phase of therapy)</li> </b> <p><li>Periodontal and Peri-implant surgical anatomy</li> <p><li>General principles of surgery</li> <p><li>Gingival surgical techniques</li> <p><li>The periodontal flap</li> <p><li>Treatment of gingival enlargement</li> <p><li>Ressective osseous surgery</li> <p><li>Periodontal regeneration and reconstructive surgery</li> <p><li>Furcation Involvement and treatment</li> <p><li>Periodontal Plastic and Esthetic Surgery</li> <p><li>Advances in Periodontal Surgical Procedures (Microsurgery and Laser)</li> <b> <p>Section VI : Multi-disciplinary Approach for Management of Periodontal Diseases</p></b> <p><li>Diagnosis and Management of Endodontic-Periodontic Lesions</li> <p><li>Periodontal - Restorative Interrelationship </li> <p><li>Adjunctive Role of Orthodontics in Periodontal treatment</li> <b> <p>Section : VII Supportive Care </p></b> <p><li>Supportive Periodontal treatment </li> <b> <p>PART - 3 ORAL IMPLANTOLOGY</p></b> <p><li>Biological Aspects of Dental Implants</li> <p><li>Diagnosis and treatment Planning in Implantology </li> <p><li>Surgical Concepts of Implant Therapy</li> <p><li>Periimplant Diseases and Management</li><li>Supportive Implant Treatment</li></ol>
=650  \0$aPeriodontics.
=700  1\$aAmbalavanan, N,$eeditor.
=700  1\$aNayak, Dilip G,$eeditor.
=700  1\$aUppoor, Ashita,$eeditor.
=700  1\$aJain, Ashish,$eeditor.
=700  1\$aCarranza, Fermin A.$tClinical periodontology.
=859  \\$aELD$bebook
=852  \\$aBritish Library$bHMNTS$cDRT$jELD.DS.97110
=BUF  1\$aN$d20210531
=CAT  \\$aBATCH-EBKN$b00$c20161104$lBLL01$h0226
=CAT  \\$aEBKS-FXD$c20161104$lBLL01$h0230
=CAT  \\$aBATCH$b00$c20161104$lBLL01$h0231
=CAT  \\$aW1810-2163$c20190208$lBLL01$h2025
=CAT  \\$aBATCH-UPEB$b00$c20210531$lBLL01$h1701
=CAT  \\$a7183$b40$c20220111$lBLL01$h1305
=FIN  \\$aY$d20210531
=DRT  \\$aLD-ebooks
=SRC  \\$aIngrams
=STA  \\$aSUPPRESSED$bE-content not eligible for Non-Print Legal Deposit
=ONS  \7$aMED$x016040$2bisacsh
=ONX  \\$aIN
=LAS  \\$a7183$b40$c20220111$lBLL01$h1305

