=LDR  02351cam a22005531i 4500
=001  018090311
=003  Uk
=005  20220111132600.0
=006  m\\\\||\\d\|\\\\\\
=007  cr\|||||||||||
=008  161104s2016\\\\||||||||o\\\\||||\||eng\\
=FMT  \\$a  BK
=015  \\$aGBB7C1345$2bnb
=020  \\$a9788131245019$qEPUB
=020  \\$a8131245012$qEPUB
=037  \\$a9788131245019$bIngram Content Group
=040  \\$aUk$beng$cUk
=042  \\$aukblsr
=082  00$a618.92$222
=245  00$aNelson essentials of pediatrics /$cRobert M. Kliegman [and others].
=246  30$aEssentials of pediatrics
=250  \\$aSouth Asia Edition.
=264  \1$a[Place of publication not identified] :$bElsevier India,$c2016.
=300  \\$a1 online resource (804 pages).
=336  \\$atext$2rdacontent
=337  \\$acomputer$2rdamedia
=338  \\$aonline resource$2rdacarrier
=505  0\$aProfession of pediatrics -- Growth and development -- Behavioral disorders -- Psychiatric disorders -- Psychosocial issues -- Pediatric nutrition and nutritional disorders -- Fluids and electrolytes -- Acutely ill or injured child -- Human genetics and dysmorphology -- Metabolic disorders -- Fetal and neonatal medicine -- Adolescent medicine -- Immunology -- Allergy -- Rheumatic diseases of childhood -- Infectious diseases -- Digestive system -- Respiratory system -- Cardiovascular system -- Hematology -- Oncology -- Nephrology and urology -- Endocrinology -- Neurology -- Dermatology -- Orthopedics.
=650  \0$aPediatrics.
=650  12$aPediatrics.
=650  \7$aPediatrics.$2fast$0(OCoLC)fst01056503
=700  1\$aKliegman, Robert.
=859  \\$aELD$bebook
=852  \\$aBritish Library$bHMNTS$cDRT$jELD.DS.97728
=BUF  1\$aN$d20170717
=CAT  \\$aBATCH-EBKN$b00$c20161107$lBLL01$h0227
=CAT  \\$aBATCH-UPD$b00$c20161107$lBLL01$h0228
=CAT  \\$aEBKS-FXD$c20161107$lBLL01$h0233
=CAT  \\$aBATCH$b00$c20161107$lBLL01$h0234
=CAT  \\$aBATCH-UPEB$b00$c20170717$lBLL01$h1700
=CAT  \\$aW1810-2163$c20190208$lBLL01$h2025
=CAT  \\$a7183$b40$c20220111$lBLL01$h1326
=FIN  \\$aY$d20170717
=DRT  \\$aLD-ebooks
=SRC  \\$aIngrams
=STA  \\$aSUPPRESSED$bE-content not eligible for Non-Print Legal Deposit
=ONS  \7$aMED$x069000$2bisacsh
=ONX  \\$aIN
=LAS  \\$a7183$b40$c20220111$lBLL01$h1326

