=LDR  01353cam a22004095i 4500
=001  018099484
=003  Uk
=005  20220111132018.0
=006  m\\\\||\\d\|\\\\\\
=007  cr\|||||||||||
=008  161107s2016\\\\||||||||o\\\\||||\||eng\\
=FMT  \\$a  BK
=020  \\$a9788131244906$qEPUB
=020  \\$a8131244903$qEPUB
=037  \\$a9788131244906$bIngram Content Group
=040  \\$aUk$beng$cUk
=245  00$aBailliere's Nurses Dictionary for Nurses and Health Care Workers, 1st South Asia Edition /$cAnnu Kaushik.
=264  \1$bElsevier India,$c2016.
=300  \\$a1 online resource (644 pages).
=336  \\$atext$2rdacontent
=337  \\$acomputer$2rdamedia
=338  \\$aonline resource$2rdacarrier
=700  1\$aKaushik, Annu,$eeditor.
=859  \\$aELD$bebook
=852  \\$aBritish Library$bHMNTS$cDRT$jELD.DS.98278
=CAT  \\$aBATCH-EBKN$b00$c20161111$lBLL01$h0233
=CAT  \\$aEBKS-FXD$c20161111$lBLL01$h0242
=CAT  \\$aBATCH$b00$c20161111$lBLL01$h0243
=CAT  \\$aW1810-2163$c20190208$lBLL01$h2025
=CAT  \\$aBATCH-UPD$b00$c20191206$lBLL01$h1338
=CAT  \\$a7183$b40$c20220111$lBLL01$h1320
=DRT  \\$aLD-ebooks
=SRC  \\$aIngrams
=STA  \\$aSUPPRESSED$bE-content not eligible for Non-Print Legal Deposit
=ONX  \\$aIN
=ONS  \7$aMED$x020000$2bisacsh
=LAS  \\$a7183$b40$c20220111$lBLL01$h1320

