=LDR  02187 am a2200589 i 4500
=001  018117770
=003  Uk
=005  20180510115119.0
=006  m\\\\||\\d\|\\\\\\
=007  cr\|||||||||||
=008  161125s2016\\\\enka\\\\ob\\\|0|0\0|eng\\
=FMT  \\$a  BK
=015  \\$aGBB750193$2bnb
=020  \\$a9781786552686
=040  \\$aUk$beng$cUk$erda
=042  \\$aukblsr
=082  04$a364.17709421021$223
=245  00$aSeizures of drugs in England and Wales, year ending 31 March 2016 /$cedited by: Jodie Hargreaves and Kevin Smith.
=264  \1$a[London] :$bHome Office,$cNovember 2016.
=300  \\$a1 online resource (23 pages) :$billustrations (colour).
=336  \\$atext$2rdacontent
=337  \\$acomputer$2rdamedia
=338  \\$aonline resource$2rdacarrier
=490  1\$aStatistical bulletin,$x1759-7005 ;$v13/16
=504  \\$aIncludes bibliographical references.
=650  \0$aDrug control$zEngland$vStatistics.
=650  \0$aDrug control$zEngland$xStatistics.
=650  \0$aDrug control$zWales$vStatistics.
=650  \0$aSearches and seizures$zEngland$vStatistics.
=650  \0$aSearches and seizures$zEngland$xStatistics.
=650  \0$aSearches and seizures$zWales$vStatistics.
=650  \0$aSearches and seizures$zWales$xStatistics.
=690  7\$aSocial Welfare$2blcoll
=700  1\$aHargreaves, Jodie,$eeditor.
=700  1\$aSmith, Kevin$c(Editor of Home Office Crime surveys),$eeditor.
=710  1\$aGreat Britain.$bHome Office,$epublisher.
=830  \0$aHome Office statistical bulletin ;$v15/16.
=859  \\$aELD$bebook
=852  \\$aBritish Library$bHMNTS$cDRT$jELD.DS.101155
=CAT  \\$aBATCH-EBKN$b00$c20161125$lBLL01$h0202
=CAT  \\$aEBKS-FXD$c20161125$lBLL01$h0210
=CAT  \\$aBATCH$b00$c20161125$lBLL01$h0211
=CAT  \\$a8141$b40$c20170321$lBLL01$h0937
=CAT  \\$a8141$b40$c20170321$lBLL01$h0953
=CAT  \\$a8874$b40$c20170328$lBLL01$h1044
=CAT  \\$a10983$b40$c20180510$lBLL01$h1144
=CAT  \\$a10983$b40$c20180510$lBLL01$h1151
=FIN  \\$aY$d20170321
=DRT  \\$aLD-ebooks
=SRC  \\$aSubmission Portal
=STA  \\$aSUPPRESSED$bRebatched as Serial
=LAS  \\$a10983$b40$c20180510$lBLL01$h1151

