=LDR  01759 am a2200493 i 4500
=001  018124016
=003  Uk
=005  20210521115031.0
=006  m\\\\||\\d\|\\\\\\
=007  cr\|||||||||||
=008  161201s2016\\\\enka\\\\ob\\\|0|0\0|eng\\
=FMT  \\$a  BK
=015  \\$aGBB721540$2bnb
=020  \\$a9781786551610
=040  \\$aUk$beng$cUk$erda
=042  \\$aukblsr
=082  04$a363.250942$223
=245  00$aCrime outcomes in England and Wales :$byear ending March 2016 /$cedited by: Jenny Allan.
=264  \1$aLondon :$bHome Office,$cJuly 2016.
=300  \\$a1 online resource (58 pages) :$billustrations (colour).
=336  \\$atext$2rdacontent
=337  \\$acomputer$2rdamedia
=338  \\$aonline resource$2rdacarrier
=490  1\$aStatistical bulletin HOSB,$x1759-7005 ;$v06/16
=504  \\$aIncludes bibliographical references.
=650  \0$aCriminal investigation$zGreat Britain$vStatistics.
=650  \0$aCriminal investigation$zGreat Britain$xStatistics.
=650  \0$aCriminal investigation$zWales$vStatistics.
=650  \0$aCriminal investigation$zWales$xStatistics.
=700  1\$aAllan, Jenny,$eeditor.
=710  1\$aGreat Britain.$bHome Office,$eissuing body.
=830  \0$aHome Office statistical bulletin ;$v06/16.
=859  \\$aELD$bebook
=852  \\$aBritish Library$bHMNTS$cDRT$jELD.DS.101738
=CAT  \\$aBATCH-EBKN$b00$c20161201$lBLL01$h0221
=CAT  \\$aEBKS-FXD$c20161201$lBLL01$h0223
=CAT  \\$aBATCH$b00$c20161201$lBLL01$h0223
=CAT  \\$a8141$b40$c20170210$lBLL01$h1506
=CAT  \\$a10902$b40$c20210521$lBLL01$h1150
=FIN  \\$aY$d20170210
=DRT  \\$aLD-ebooks
=SRC  \\$aSubmission Portal
=STA  \\$aSUPPRESSED$bRe -batched as Serial
=LAS  \\$a10902$b40$c20210521$lBLL01$h1150

