=LDR  02481cam a22004335i 4500
=001  018137274
=003  Uk
=005  20220111133800.0
=006  m\\\\||\\d\|\\\\\\
=007  cr\|||||||||||
=008  161207s2015\\\\||||||||o\\\\||||\||eng\\
=FMT  \\$a  BK
=020  \\$a9788131242476$qPDF
=020  \\$a8131242471$qPDF
=037  \\$a9788131242476$bIngram Content Group
=040  \\$aUk$beng$cUk
=100  1\$aGoljan, Edward F.,$eauthor$uProfessor and Chairman of Pathology, Oklahoma State University, College of Osteopathic Medicine, Tulsa, Oklahoma
=245  10$aRapid Review Pathology; South Asia Edition /$cEdward F. Goljan.
=264  \1$bElsevier India,$c2015.
=300  \\$a1 online resource (784 pages).
=336  \\$atext$2rdacontent
=337  \\$acomputer$2rdamedia
=338  \\$aonline resource$2rdacarrier
=505  0\$a1. Diagnostic Testing <br>2. Cell Injury <br>3. Inflammation and Repair <br>4. Immunopathology <br>5. Water, Electrolyte, Acid-Base, and Hemodynamic Disorders <br>6. Genetic and Developmental Disorders <br>7. Environmental Pathology <br>8. Nutritional Disorders <br>9. Neoplasia <br>10. Vascular Disorders <br>11. Heart Disorders <br>12. Red Blood Cell Disorders <br>13. White Blood Cell Disorders <br>14. Lymphoid Tissue Disorders <br>15. Hemostasis Disorders <br>16. Immunohematology Disorders <br>17. Upper and Lower Respiratory Disorders <br>18. Gastrointestinal Disorders <br>19. Hepatobiliary and Pancreatic Disorders <br>20. Kidney Disorders <br>21. Lower Urinary Tract and Male Reproductive Disorders <br>22. Female Reproductive Disorders and Breast Disorders <br>23. Endocrine Disorders <br>24. Musculoskeletal and Soft Tissue Disorders <br>25. Skin Disorders <br>26. Nervous System and Special Sensory Disorders <br>APPENDIX: Formulas for Calculations of Acid-Base Disorders
=859  \\$aELD$bebook
=852  \\$aBritish Library$bHMNTS$cDRT$jELD.DS.103508
=CAT  \\$aBATCH-EBKN$b00$c20161210$lBLL01$h0222
=CAT  \\$aBATCH-UPD$b00$c20161210$lBLL01$h0222
=CAT  \\$aEBKS-FXD$c20161210$lBLL01$h0228
=CAT  \\$aBATCH$b00$c20161210$lBLL01$h0229
=CAT  \\$aBATCH-UPD$b00$c20171201$lBLL01$h2039
=CAT  \\$aW1810-2163$c20190208$lBLL01$h2026
=CAT  \\$a7183$b40$c20220111$lBLL01$h1338
=DRT  \\$aLD-ebooks
=SRC  \\$aIngrams
=STA  \\$aSUPPRESSED$bE-content not eligible for Non-Print Legal Deposit
=ONX  \\$aIN
=ONS  \7$aMED$x067000$2bisacsh
=LAS  \\$a7183$b40$c20220111$lBLL01$h1338

