=LDR  08865cam a22004095i 4500
=001  018161884
=003  Uk
=005  20220111132902.0
=006  m\\\\||\\d\|\\\\\\
=007  cr\|||||||||||
=008  161230s2016\\\\||||||||o\\\\||||\||eng\\
=FMT  \\$a  BK
=020  \\$a9788131249840$qEPUB
=020  \\$a8131249840$qEPUB
=037  \\$a9788131249840$bIngram Content Group
=040  \\$aUk$beng$cUk
=245  00$aDENTAL LABORATORY PROCEDURES, First South Asia Edition (3 Vol set) /$cSanjna Nayar.
=264  \1$bElsevier India,$c2016.
=300  \\$a1 online resource (1408 pages).
=336  \\$atext$2rdacontent
=337  \\$acomputer$2rdamedia
=338  \\$aonline resource$2rdacarrier
=505  0\$a<b> <p>Preface to the First South Asia Edition vii</p> <p>Preface to the Second Edition ix</p> <p>Acknowledgement to the First South</p> <p>Asia Edition xi</p> <p>About the Adaptation Editor xiii</p> <p>Contributors xv</p></b> <p>1. Effective Dentist-Technician Communication</p> <p>SANJNA NAYAR AND S. RAGHAVENDRA JAYESH</p> <p>Introduction 1</p> <p>Paradigm of Dentist-Technician Communication 2</p> <p>Basic Communication Principles 2</p> <p>Medium of Communication 2</p> <p>Barriers in Communication 2</p> <p>Parameters in Communication 2</p> <p>Feedback 3</p> <p>Planning the Communication 3</p> <p>Technician Soliciting New Accounts 3</p> <p>Dentist in Search of a Laboratory 4</p> <p>Legal and Ethical Obligations 6</p> <p>Better Communication = Better Treatment Planning 6</p> <p>Recent Advances in Dental Communication 6</p> <p>Tooth Shades Software 7</p> <p>Work Authorisation 7</p> <p>Terminology 8</p> <p>Evaluation and Feedback from the Dentist 8</p> <p>Conclusions 9</p> <p>2. Preliminary Impressions Care and Pouring</p> <p>KENNETH D. RUDD, ROBERT M. MORROW, AND SANJNA NAYAR</p> <p>Requirements of Cast 11</p> <p>Alginate preliminary Impressions 12</p> <p>Modelling Plastic Impressions 12</p> <p>Procedure for Pouring a Preliminary Impression 12</p> <p>Problem Areas of Alginate Impression 19</p> <p>Problem Areas of Modelling Plastic Impression 20</p> <p>Summary 21</p> <p>3. Impression Trays</p> <p>KENNETH D. RUDD, ROBERT M. MORROW, AND SANJNA NAYAR</p> <p>Introduction 25</p> <p>Requirements for Impression Trays 25</p> <p>Impression Tray Materials and Procedure 25</p> <p>Summary 41</p> <p>4. Final Impressions, Boxing and Pouring</p> <p>KENNETH D. RUDD, ROBERT M. MORROW, EARL E. FELDMANN,</p> <p>SANJNA NAYAR, AND SUCHITA TELLA BHALERAO</p> <p>Boxing Impressions 43</p> <p>Indexing the Cast 59</p> <p>Summary 61</p> <p>5. Record Bases and Occlusion Rims</p> <p>KENNETH D. RUDD, ROBERT M. MORROW, SANJNA NAYAR,</p> <p>AND SUCHITA TELLA BHALERAO</p> <p>Introduction of Record Bases 65</p> <p>Requirements for Record Bases 66</p> <p>Record Base Materials 67</p> <p>Auto-Polymerising Resin Record Bases 67</p> <p>Shellac Baseplates 77</p> <p>Thermoplastic Resin Baseplates and Vacuum-Adapted</p> <p>Resin Record Bases 78</p> <p>Heat-Cured Compression-Moulded Resin Record Base 81</p> <p>Fabrication of Wax Pattern Using Shellac Baseplate 82</p> <p>Fabrication of Light Curable Denture Bases 89</p> <p>Metal Record Base 89</p> <p>Wax Occlusion Rims 89</p> <p>Maxillary Occlusion Rims 93</p> <p>Mandibular Occlusion Rims 96</p> <p>Modelling Plastic Occlusion Rims 96</p> <p>Constructing Mounting Casts 96</p> <p>Summary 96</p> <p>6. Articulators and Mounting Casts</p> <p>KENNETH D. RUDD, ROBERT M. MORROW, SANJNA NAYAR,</p> <p>AND G. SIVAGAMI</p> <p>Requirements for Mounting Stone 99</p> <p>Hanau Wide Vue-'Zeroing' Preparation 101</p> <p>Transferring the Face-Bow Record to the Articulator 103</p> <p>Mounting the Maxillary Cast 105</p> <p>Mounting the Mandibular Cast 107</p> <p>Whip Mix Articulator 116</p> <p>Problem Areas 120</p> <p>Summary 125</p> <p>7. Artifi cial Teeth</p> <p>KENNETH D. RUDD, ROBERT M. MORROW, CLARENCE L. KOEHNE,</p> <p>WILLIAM B. AKERLY, S. RAGHAVENDRA JAYESH, AND SANJNA NAYAR</p> <p>Acrylic and Porcelain Teeth: A Comparison 128</p> <p>Components of Artifi cial Teeth 129</p> <p>Selection of Artifi cial Teeth 129</p> <p>Form of Teeth 131</p> <p>C0105.indd xvii 09/11/16 4:57 PM</p><b> <p>xviii </b>CONTENTS</p> <p>Shape/Mould 132</p> <p>Shade 132</p> <p>Selection of Posterior Teeth 133</p> <p>Mould Numbering Systems 134</p> <p>Summary 139</p> <p>8. Arranging of Artifi cial Teeth</p> <p>RICHARD A. SMITH, A. ANDERSEN CAVALCANTI, HUGH E. WOLFE,</p> <p>SANJNA NAYAR, AND R. VASUDEVAN</p> <p>Introduction 142</p> <p>Guidelines and Considerations for Anterior</p> <p>Teeth Arrangement 142</p> <p>Setting Principles for Anterior Teeth 148</p> <p>Guidelines and Considerations for Arrangement</p> <p>of Posterior Teeth 151</p> <p>Setting Principles for Posterior Teeth 153</p> <p>Types of Occlusion in Completely Edentulous Cases 153</p> <p>Balanced Occlusion 153</p> <p>Neutrocentric Occlusion 165</p> <p>Lingualized Occlusion 169</p> <p>Try-In 171</p> <p>Summary 171</p> <p>9. Waxing and Processing</p> <p>KENNETH D. RUDD, ROBERT M. MORROW, EARL E. FELDMANN,</p> <p>AMBROCIO V. ESPINOZA, CHARLOTTE A. GORNEY, SANJNA NAYAR,</p> <p>PADMA ARIGA, N. SHIVAKUMAR, AND G. MOHIT KUMAR</p> <p>Waxing for Try-In Dentures 173</p> <p>Processing by Compression Moulding Technique 179</p> <p>Processing by Injection Moulding Technique 191</p> <p>Summary 196</p> <p>10. Finishing, Polishing, Denture Markers</p> <p>and Denture Duplication</p> <p>KENNETH D. RUDD, ROBERT M. MORROW, AMBROCIO V. ESPINOZA†,</p> <p>JESSE S. LEACHMAN, SANJNA NAYAR, R. VENKATESHWARAN,</p> <p>N. SHIVAKUMAR, AND G. MOHIT KUMAR</p> <p>Defl asking 197</p> <p>Remounting Dentures 201</p> <p>Making a Face-Bow Index 203</p> <p>Removing Dentures from Cast 205</p> <p>Finishing of the Denture 206</p> <p>Polishing the Complete Denture 207</p> <p>Polishing Teeth 209</p> <p>Denture Markers 210</p> <p>Requirements of Denture Bar Coding Identifi cation 211</p> <p>Denture Duplication 214</p> <p>Summary 219</p> <p>11. Characterisation of the Complete Dentures</p> <p>SANJNA NAYAR, R. VASUDEVAN, AND U. ARUNA</p> <p>Introduction 221</p> <p>Communication Between Dentist and Laboratory</p> <p>Technician 222</p> <p>Characterising the Denture Bases 222</p> <p>Adding Details to Anatomic Wax Contouring 223</p> <p>Colouring the Denture Base 228</p> <p>Finishing of Characterised Dentures 240</p> <p>Characterising the Denture Teeth 243</p> <p>Practice Mould 245</p> <p>Summary 248</p> <p>12. Metal Bases</p> <p>JAMES S. BRUDVIK AND SANJNA NAYAR</p> <p>History 249</p> <p>Requirements for Cast Metal Bases 249</p> <p>Design Principles 249</p> <p>Summary 260</p> <p>13. Relining and Rebasing</p> <p>KENNETH D. RUDD, ROBERT M. MORROW, R. NEAL EDWARDS,</p> <p>AMBROCIO V. ESPINOZA†, SUCHITA TELLA BHALERAO,</p> <p>AND SANJNA NAYAR</p> <p>Introduction 263</p> <p>Articulator Method Procedure 263</p> <p>Relining Using the Dental Flask Method Procedure 271</p> <p>Rebasing 273</p> <p>Articulator Method 275</p> <p>Flask Method of Rebasing Procedure 278</p> <p>Summary 282</p> <p>14. Soft Liners</p> <p>MICHAEL J. MAGINNIS, GERALD T. GAUBERT,</p> <p>SUCHITA TELLA BHALERAO, AND SIDDHARTH BHALERAO</p> <p>Requirements of Resilient Denture Baseliners 283</p> <p>Resilient Liner Materials 283</p> <p>Reline Procedure 285</p> <p>Summary 295</p> <p>15. Repairs</p> <p>KENNETH D. RUDD, ROBERT M. MORROW, ALEXANDER R. HALPERIN,</p> <p>SANJNA NAYAR, SUCHITA TELLA BHALERAO</p> <p>Repairing Denture with Fractured Teeth 297</p> <p>Procedure 298</p> <p>Problem Areas 299</p> <p>Procedure 302</p> <p>Problem Areas 303</p> <p>Repairing Fractured Denture Non-Separated Fracture 305</p> <p>Procedure 305</p> <p>Procedure 309</p> <p>Problem Areas 310</p> <p>Adding a Posterior Palatal Seal 312</p> <p>Procedure 314</p> <p>Problem Areas 315</p> <p>Summary 317</p> <p>16. Laboratory Procedures for Immediate</p> <p>Complete Dentures</p> <p>KENNETH D. RUDD, ROBERT M. MORROW,</p> <p>U. ARUNA, AND SANJNA NAYAR</p> <p>Constructing Immediate Dentures 322</p> <p>Impression Trays for Immediate Dentures 322</p> <p>Procedure 322</p> <p>†Deceased.</p> <p>C0105.indd xviii 09/11/16 4:57 PM</p> <p>CONTENTS <b>xix</p></b> <p>Custom Posterior Trays 322</p> <p>Full-Arch Impression Trays 327</p> <p>Two-Piece Trays 336</p> <p>Construction of Record Bases 341</p> <p>Shellac Baseplates 341</p> <p>
=700  1\$aNayar, Sanjna$eeditor
=859  \\$aELD$bebook
=852  \\$aBritish Library$bHMNTS$cDRT$jELD.DS.106112
=CAT  \\$aBATCH-EBKN$b00$c20170102$lBLL01$h0203
=CAT  \\$aEBKS-FXD$c20170102$lBLL01$h0222
=CAT  \\$aBATCH$b00$c20170102$lBLL01$h0223
=CAT  \\$aW1810-2163$c20190208$lBLL01$h2026
=CAT  \\$a7183$b40$c20220111$lBLL01$h1329
=DRT  \\$aLD-ebooks
=SRC  \\$aIngrams
=STA  \\$aSUPPRESSED$bE-content not eligible for Non-Print Legal Deposit
=ONX  \\$aIN
=ONS  \7$aMED$x016000$2bisacsh
=LAS  \\$a7183$b40$c20220111$lBLL01$h1329

