=LDR  01350 am a22003975i 4500
=001  018177571
=003  Uk
=005  20190208202701.0
=006  m\\\\||\\d\|\\\\\\
=007  cr\|||||||||||
=008  170111s2025\\\\xxk||||go\\\\||||\||eng\\
=FMT  \\$a  BK
=020  \\$a9780750958097$qEPUB
=020  \\$a075095809X$qEPUB
=037  \\$a9780750958097$bIngram Content Group
=040  \\$aUk$beng$cUk
=100  10$aHowse, Geoffrey,$eauthor.
=245  14$aThe Little Book of Sheffield /$cGeoffrey Howse.
=264  \1$aStroud :$bThe History Press,$c2025.
=300  \\$a1 online resource (300 pages :$b40 illustrations).
=336  \\$atext$2rdacontent
=337  \\$acomputer$2rdamedia
=338  \\$aonline resource$2rdacarrier
=859  \\$aELD$bebook
=852  \\$aBritish Library$bHMNTS$cDRT$jELD.DS.108196$qImperfect: ebook display problem (cover only).
=CAT  \\$aBATCH-EBKN$b00$c20170114$lBLL01$h0201
=CAT  \\$aBATCH-UPD$b00$c20170114$lBLL01$h0202
=CAT  \\$aEBKS-FXD$c20170114$lBLL01$h0209
=CAT  \\$aBATCH$b00$c20170114$lBLL01$h0210
=CAT  \\$a7164$b40$c20181105$lBLL01$h0835
=CAT  \\$aW1810-2163$c20190208$lBLL01$h2027
=DRT  \\$aLD-ebooks
=SRC  \\$aIngrams
=STA  \\$aSUPPRESSED$bE-content not adequate for display
=ONS  \7$aHIS$x015000$2bisacsh
=LAS  \\$aW1810-2163$b00$c20190208$lBLL01$h2027

