=LDR  01492 am a22004215i 4500
=001  018177573
=003  Uk
=005  20190208202701.0
=006  m\\\\||\\d\|\\\\\\
=007  cr\|||||||||||
=008  170111s2017\\\\xxk||||go\\\\||||\||eng\\
=FMT  \\$a  BK
=020  \\$a9780750981958$qEPUB
=020  \\$a0750981954$qEPUB
=037  \\$a9780750981958$bIngram Content Group
=040  \\$aUk$beng$cUk
=100  1\$aRolt, L. T. C.,$d1910-1974,$eauthor.
=245  10$aLandscape with Machines: The First Part of his Autobiography /$cL T C Rolt.
=264  \1$aStroud :$bThe History Press,$c2017.
=300  \\$a1 online resource (256 pages :$b30 illustrations).
=336  \\$atext$2rdacontent
=337  \\$acomputer$2rdamedia
=338  \\$aonline resource$2rdacarrier
=650  \7$aships & boats general interest$2bicssc
=859  \\$aELD$bebook
=852  \\$aBritish Library$bHMNTS$cDRT$jELD.DS.108198$qImperfect: ebook display problem (cover only).
=CAT  \\$aBATCH-EBKN$b00$c20170114$lBLL01$h0201
=CAT  \\$aEBKS-FXD$c20170114$lBLL01$h0209
=CAT  \\$aBATCH$b00$c20170114$lBLL01$h0210
=CAT  \\$a8874$b40$c20170118$lBLL01$h1044
=CAT  \\$aBATCH-UPD$b40$c20170118$lBLL01$h1044
=CAT  \\$a7164$b40$c20181105$lBLL01$h0817
=CAT  \\$aW1810-2163$c20190208$lBLL01$h2027
=DRT  \\$aLD-ebooks
=SRC  \\$aIngrams
=STA  \\$aSUPPRESSED$bE-content not adequate for display
=ONS  \7$aBIO$x006000$2bisacsh
=LAS  \\$aW1810-2163$b00$c20190208$lBLL01$h2027

