=LDR  01554 am a22004215i 4500
=001  018177580
=003  Uk
=005  20190208202701.0
=006  m\\\\||\\d\|\\\\\\
=007  cr\|||||||||||
=008  170111s2017\\\\xxk||||go\\\\||||\||eng\\
=FMT  \\$a  BK
=020  \\$a9780750982023$qEPUB
=020  \\$a0750982020$qEPUB
=037  \\$a9780750982023$bIngram Content Group
=040  \\$aUk$beng$cUk
=100  1\$aCheshire, Ellen,$eauthor.
=245  10$aElectric Pictures :$bA Guide to the Films, Film-Makers and Cinemas of Worthing and Shoreham /$cEllen Cheshire, James Clarke.
=264  \1$aStroud :$bThe History Press,$c2017.
=300  \\$a1 online resource (128 pages :$b60 illustrations).
=336  \\$atext$2rdacontent
=337  \\$acomputer$2rdamedia
=338  \\$aonline resource$2rdacarrier
=700  1\$aClarke, James,$eauthor.
=859  \\$aELD$bebook
=852  \\$aBritish Library$bHMNTS$cDRT$jELD.DS.108205$qImperfect: ebook display problem (cover only).
=CAT  \\$aBATCH-EBKN$b00$c20170114$lBLL01$h0201
=CAT  \\$aBATCH-UPD$b00$c20170114$lBLL01$h0202
=CAT  \\$aEBKS-FXD$c20170114$lBLL01$h0209
=CAT  \\$aBATCH$b00$c20170114$lBLL01$h0210
=CAT  \\$a7164$b40$c20181105$lBLL01$h0814
=CAT  \\$aW1810-2163$c20190208$lBLL01$h2027
=DRT  \\$aLD-ebooks
=SRC  \\$aIngrams
=STA  \\$aSUPPRESSED$bE-content not adequate for display
=ONS  \7$aHIS$x015000$2bisacsh
=ONS  \\$tcinema, film, film-makers,sussex, worthing, shoreham$2Subject Keywords
=LAS  \\$aW1810-2163$b00$c20190208$lBLL01$h2027

