=LDR  01480 am a22004215i 4500
=001  018177581
=003  Uk
=005  20190208202701.0
=006  m\\\\||\\d\|\\\\\\
=007  cr\|||||||||||
=008  170111s2017\\\\xxk||||go\\\\||||\||eng\\
=FMT  \\$a  BK
=020  \\$a9780750982030$qEPUB
=020  \\$a0750982039$qEPUB
=037  \\$a9780750982030$bIngram Content Group
=040  \\$aUk$beng$cUk
=100  10$aClark, Ray,$eauthor.
=245  14$aThe Great British Woodstock :$bThe Incredible Story of the Weeley Festival 1971 /$cRay Clark.
=264  \1$aStroud :$bThe History Press,$c2017.
=300  \\$a1 online resource (144 pages :$b16 illustrations).
=336  \\$atext$2rdacontent
=337  \\$acomputer$2rdamedia
=338  \\$aonline resource$2rdacarrier
=650  \7$aHISTORY / Europe / Great Britain$2bisacsh
=650  \7$aLocal history$2bicssc
=859  \\$aELD$bebook
=852  \\$aBritish Library$bHMNTS$cDRT$jELD.DS.108206$qImperfect: ebook display problem (cover only).
=CAT  \\$aBATCH-EBKN$b00$c20170114$lBLL01$h0201
=CAT  \\$aBATCH-UPD$b00$c20170114$lBLL01$h0202
=CAT  \\$aEBKS-FXD$c20170114$lBLL01$h0209
=CAT  \\$aBATCH$b00$c20170114$lBLL01$h0210
=CAT  \\$a11279$b40$c20181101$lBLL01$h1551
=CAT  \\$aW1810-2163$c20190208$lBLL01$h2027
=DRT  \\$aLD-ebooks
=SRC  \\$aIngrams
=STA  \\$aSUPPRESSED$bE-content not adequate for display
=ONS  \7$aHBTB$2bicssc
=LAS  \\$aW1810-2163$b00$c20190208$lBLL01$h2027

