=LDR  01510 am a22004095i 4500
=001  018177584
=003  Uk
=005  20190208202701.0
=006  m\\\\||\\d\|\\\\\\
=007  cr\|||||||||||
=008  170111s2023\\\\xxk||||go\\\\||||\||eng\\
=FMT  \\$a  BK
=020  \\$a9780752498096$qEPUB
=020  \\$a0752498096$qEPUB
=037  \\$a9780752498096$bIngram Content Group
=040  \\$aUk$beng$cUk
=100  1\$aBond, Trevor$eauthor
=245  10$aLondon's Deadliest Sins :$bA Tour through the Heart of London's Historical Underworld /$cTrevor Bond.
=264  \1$aStroud :$bThe History Press,$c2023.
=300  \\$a1 online resource (300 pages :$b100 illustrations).
=336  \\$atext$2rdacontent
=337  \\$acomputer$2rdamedia
=338  \\$aonline resource$2rdacarrier
=859  \\$aELD$bebook
=852  \\$aBritish Library$bHMNTS$cDRT$jELD.DS.108209$qImperfect: ebook display problem (cover only).
=CAT  \\$aBATCH-EBKN$b00$c20170114$lBLL01$h0201
=CAT  \\$aEBKS-FXD$c20170114$lBLL01$h0209
=CAT  \\$aBATCH$b00$c20170114$lBLL01$h0210
=CAT  \\$a7164$b40$c20181105$lBLL01$h0837
=CAT  \\$aW1810-2163$c20190208$lBLL01$h2027
=DRT  \\$aLD-ebooks
=SRC  \\$aIngrams
=STA  \\$aSUPPRESSED$bE-content not adequate for display
=ONS  \7$aHIS$x015000$2bisacsh
=ONS  \\$a1DBKESL$tLondon$2BIC Geographical qualifier
=ONS  \\$tlondon history, City of London, History of London, jack the ripper$2Subject Keywords
=LAS  \\$aW1810-2163$b00$c20190208$lBLL01$h2027

