=LDR  01068 am a22003255i 4500
=001  018187335
=003  Uk
=005  20200311134059.0
=006  m\\\\||\\d\|\\\\\\
=007  cr\|||||||||||
=008  170123s2016\\\\xxk|||||o\\\\||||\||eng\\
=FMT  \\$a  BK
=040  \\$aUk$beng$cUk
=245  00$aUser guide to football-related arrests and banning order statistics, :$bEngland and Wales, 2015 to 2016 season.
=264  \1$a[London] :$bHome Office,$c2016.
=300  \\$a1 online resource.
=336  \\$atext$2rdacontent
=337  \\$acomputer$2rdamedia
=338  \\$aonline resource$2rdacarrier
=859  \\$aELD$bebook
=852  \\$aBritish Library$bHMNTS$cDRT$jELD.DS.112675
=CAT  \\$aBATCH-EBKN$b00$c20170123$lBLL01$h0202
=CAT  \\$aEBKS-FXD$c20170123$lBLL01$h0207
=CAT  \\$aBATCH$b00$c20170123$lBLL01$h0207
=CAT  \\$aW1810-2163$c20190208$lBLL01$h2027
=CAT  \\$a15005$b40$c20200311$lBLL01$h1340
=DRT  \\$aLD-ebooks
=SRC  \\$aSubmission Portal
=STA  \\$aSUPPRESSED$bRebatched as Serial
=LAS  \\$a15005$b40$c20200311$lBLL01$h1340

