=LDR  00974 am a22003255i 4500
=001  018187985
=003  Uk
=005  20190208202750.0
=006  m\\\\||\\d\|\\\\\\
=007  cr\|||||||||||
=008  170124s2016\\\\xxk|||||o\\\\||||\||eng\\
=FMT  \\$a  BK
=040  \\$aUk$beng$cUk
=245  00$aLand Use Change Statistics in England.
=264  \1$c2016.
=300  \\$a1 online resource.
=336  \\$atext$2rdacontent
=337  \\$acomputer$2rdamedia
=338  \\$aonline resource$2rdacarrier
=859  \\$aELD$bebook
=852  \\$aBritish Library$bHMNTS$cDRT$jELD.DS.112790
=CAT  \\$aBATCH-EBKN$b00$c20170124$lBLL01$h0200
=CAT  \\$aEBKS-FXD$c20170124$lBLL01$h0205
=CAT  \\$aBATCH$b00$c20170124$lBLL01$h0205
=CAT  \\$a10983$b40$c20180501$lBLL01$h1210
=CAT  \\$aW1810-2163$c20190208$lBLL01$h2027
=DRT  \\$aLD-ebooks
=SRC  \\$aSubmission Portal
=STA  \\$aSUPPRESSED$bRebatched as Serial
=LAS  \\$aW1810-2163$b00$c20190208$lBLL01$h2027

