=LDR  01100 am a22003375i 4500
=001  018187992
=003  Uk
=005  20191114153121.0
=006  m\\\\||\\d\|\\\\\\
=007  cr\|||||||||||
=008  170124s2015\\\\xxk|||||o\\\\||||\||eng\\
=FMT  \\$a  BK
=020  \\$a9781409847397
=040  \\$aUk$beng$cUk
=245  00$aPlanning Act 2008 :$bGuidance on Changes to Development Consent Orders.
=264  \1$aLondon :$bDepartment for Communities and Local Government,$c2015.
=300  \\$a1 online resource.
=336  \\$atext$2rdacontent
=337  \\$acomputer$2rdamedia
=338  \\$aonline resource$2rdacarrier
=859  \\$aELD$bebook
=852  \\$aBritish Library$bHMNTS$cDRT$jELD.DS.112797
=CAT  \\$aBATCH-EBKN$b00$c20170124$lBLL01$h0200
=CAT  \\$aEBKS-FXD$c20170124$lBLL01$h0205
=CAT  \\$aBATCH$b00$c20170124$lBLL01$h0205
=CAT  \\$aW1810-2163$c20190208$lBLL01$h2027
=CAT  \\$a8250$b40$c20191114$lBLL01$h1531
=DRT  \\$aLD-ebooks
=SRC  \\$aSubmission Portal
=STA  \\$aSUPPRESSED$bDuplicate of Aleph #019574321
=LAS  \\$a8250$b40$c20191114$lBLL01$h1531

