=LDR  01072 am a22003375i 4500
=001  018188002
=003  Uk
=005  20190208202751.0
=006  m\\\\||\\d\|\\\\\\
=007  cr\|||||||||||
=008  170124s2015\\\\xxk|||||o\\\\||||\||eng\\
=FMT  \\$a  BK
=020  \\$a9781409847298
=040  \\$aUk$beng$cUk
=245  00$aLocal Authority Council Tax base England 2015.
=264  \1$aLondon :$bDepartment for Communities and Local Government,$c2015.
=300  \\$a1 online resource.
=336  \\$atext$2rdacontent
=337  \\$acomputer$2rdamedia
=338  \\$aonline resource$2rdacarrier
=859  \\$aELD$bebook
=852  \\$aBritish Library$bHMNTS$cDRT$jELD.DS.112807
=CAT  \\$aBATCH-EBKN$b00$c20170124$lBLL01$h0200
=CAT  \\$aEBKS-FXD$c20170124$lBLL01$h0205
=CAT  \\$aBATCH$b00$c20170124$lBLL01$h0205
=CAT  \\$a10983$b40$c20180510$lBLL01$h1224
=CAT  \\$aW1810-2163$c20190208$lBLL01$h2027
=DRT  \\$aLD-ebooks
=SRC  \\$aSubmission Portal
=STA  \\$aSUPPRESSED$bRebatched as Serial
=LAS  \\$aW1810-2163$b00$c20190208$lBLL01$h2027

