=LDR  04534aam a22006611a 4500
=001  018190606
=003  Uk
=005  20180510105422.0
=006  m\\\\||\\d\|\\\\\\
=007  cr\|||||||||||
=008  161202s2016\\\\enkac\\\ob\\\\000\0\eng\d
=FMT  \\$a  BK
=015  \\$aGBB819479$2bnb
=020  \\$a9781783741793$q(pdf)
=020  \\$a1783741791
=020  \\$a9781783741809$q(epub)
=020  \\$a1783741805
=020  \\$a9781783741816$q(mobi)
=020  \\$a1783741813
=020  \\$z9781783741786$q(hbk.)
=020  \\$z9781783741779$q(pbk.)
=040  \\$aAUD$beng$cAUD$dAUD$dLOA$dOCLCQ$dOCLCQ$dOTZ$dMERER$dOCLCQ$dWY@$dUk
=042  \\$aukblsr
=082  14$a823.8$223
=245  00$aEssays in honour of Eamonn Cantwell :$bYeats annual no. 20, a special number /$cedited by Warwick Gould.
=260  \\$aCambridge :$bOpen Book Publishers in association with the Institute of English Studies School of Advanced Study, University of London,$c©2016.
=300  \\$a1 online resource (510 pages) :$billustrations (some color), portraits.
=336  \\$atext$2rdacontent
=337  \\$acomputer$2rdamedia
=338  \\$aonline resource$2rdacarrier
=490  1\$aYeats annual,$x2054-3611 ;$vno. 20, special number
=500  \\$aAvailable through Open Book Publishers.
=504  \\$a"Publications received": pages 459-460.
=504  \\$a"Sesquicentenary fiction and other books on aspects of Yeats's life and career": page 461.
=504  \\$aIncludes bibliographical references.
=505  00$gList of Illustrations --$gAbbreviations --$gEditorial Board --$gNotes on Contributors --$gIntroduction --$gAcknowledgements and Editorial Information --$gESSAYS IN HONOUR OF EAMONN CANTWELL.$tYeats and his Books /$rWarwick Gould --$t'Philosophy and Passion': W.B. Yeats, Ireland and Europe /$rR.F. Foster --$tYeats the Love Poet /$rBernard O'Donoghue --$tThe Puzzle of Sequence: Two Political Poems /$rHelen Vendler --$tMoving on Silence: Yeats and the Refrain as Symbol /$rPaul Muldoon --$tEliot and Yeats /$rJohn Kelly --$tThe Cantwell Collection /$rCrónán Ó Doibhlin --$gRESEARCH UPDATES AND OBITUARIES.$tW.B. Yeats's Mosada /$tColin Smythe --$tYeats and the Flying Dutchman /$rWarwick Gould --$tYeats and Tukaram: 'An Asylum for my Affections' /$rGeert Lernout --$t'I am sitting in a café with two French-Americans': W.B. Yeats, Max Dauthendey, James and Theodosia Durand. Durand's 'Communistic Manifesto' /$rGünther Schmigalle --$tThree Letters from Yeats to the Anarchist, Augustin Hamon /$rDeirdre Toomey --$tGhost-writing for Sara Allgood /$rJohn Kelly --$tJon Stallworthy (1935--2014) /$rNicolas Barker --$tKatharine Worth (1922--2015) /$rRichard Allen Cave --$t'MASTERING WHAT IS MOST ABSTRACT': A FORUM ON A VISION.$tA Vision: The Revised 1937 Edition, edited by Margaret Mills Harper and Catherine E. Paul, The Collected Works of W.B. Yeats, Vol. XIV. A Review Essay /$rColin McDowell --$tAn Afterword: The Macmillan Archive and Editorial Policy /$rWarwick Gould --$tGod-appointed Berkeley and W.J. Mc Cormack's 'We Irish' in Europe: Yeats, Berkeley and Joseph Hone. A Review Essay /$rColin McDowell --$tWinifred Dawson, The Porter's Daughter: The Life of Amy Audrey Locke /$rJad Adams --$tBrian Arkins, The Thought of W.B. Yeats; J.P. Mahaffy, Rambles & Studies in Greece, with an Introduction and Commentary by Brian Arkins /$tMichael Edwards --$tOlivia Shakespear, Beauty's Hour, edited by Anne Margaret Daniel /$rDeirdre Toomey --$gPublications Received.
=600  10$aCantwell, Eamonn.
=600  10$aYeats, W. B.$q(William Butler),$d1865-1939$xCriticism and interpretation.
=600  10$aYeats, W. B.$q(William Butler),$d1865-1939$vBibliography.
=600  10$aYeats, W. B.$q(William Butler),$d1865-1939$xPhilosophy.
=700  1\$aGould, Warwick.
=710  2\$aUniversity of London.$bInstitute of English Studies.
=710  2\$aOpen Book Publishers.
=830  \0$aYeats annual ;$vno. 20, special issue.$x2054-3611
=859  \\$aELD$bebook
=889  \\$a(OCoLC)969036407
=852  \\$aBritish Library$bHMNTS$cDRT$jELD.DS.113154
=BUF  1\$aN$d20180129
=CAT  \\$aBATCH-EBKN$b00$c20170126$lBLL01$h0201
=CAT  \\$aEBKS-FXD$c20170126$lBLL01$h0205
=CAT  \\$aBATCH$b00$c20170126$lBLL01$h0205
=CAT  \\$aBATCH-UPEB$b00$c20180129$lBLL01$h1700
=CAT  \\$a10983$b40$c20180510$lBLL01$h1054
=FIN  \\$aY$d20180129
=DRT  \\$aLD-ebooks
=SRC  \\$aSubmission Portal
=STA  \\$aSUPPRESSED$bRebatched as Serial
=LAS  \\$a10983$b40$c20180510$lBLL01$h1054

