=LDR  01195 am a22003495i 4500
=001  018191864
=003  Uk
=005  20190208202805.0
=006  m\\\\||\\d\|\\\\\\
=007  cr\|||||||||||
=008  170127s2016\\\\xxk|||||o\\\\||||\||eng\\
=FMT  \\$a  BK
=020  \\$a9781786552662
=040  \\$aUk$beng$cUk
=245  00$aFirefighters' Pensions Statistics :$bFinancial and scheme membership data on the firefighters' pension schemes in England.
=264  \1$aLondon :$bHome Office,$c2016.
=300  \\$a1 online resource.
=336  \\$atext$2rdacontent
=337  \\$acomputer$2rdamedia
=338  \\$aonline resource$2rdacarrier
=500  \\$aStatistical Bulletin 14/16Produced by the Fire Statistics team
=859  \\$aELD$bebook
=852  \\$aBritish Library$bHMNTS$cDRT$jELD.DS.113873
=CAT  \\$aBATCH-EBKN$b00$c20170127$lBLL01$h0202
=CAT  \\$aEBKS-FXD$c20170127$lBLL01$h0208
=CAT  \\$aBATCH$b00$c20170127$lBLL01$h0209
=CAT  \\$a10983$b40$c20180510$lBLL01$h1224
=CAT  \\$aW1810-2163$c20190208$lBLL01$h2028
=DRT  \\$aLD-ebooks
=SRC  \\$aSubmission Portal
=STA  \\$aSUPPRESSED$bRebatched as Serial
=LAS  \\$aW1810-2163$b00$c20190208$lBLL01$h2028

