=LDR  01065 am a22003255i 4500
=001  018192788
=003  Uk
=005  20190208202812.0
=006  m\\\\||\\d\|\\\\\\
=007  cr\|||||||||||
=008  170128s2016\\\\xxk|||||o\\\\||||\||eng\\
=FMT  \\$a  BK
=040  \\$aUk$beng$cUk
=245  00$aThe NHS Pay Review Body (NHSPRB) Review for 2017 :$bWritten Evidence from the Health Department for.
=264  \1$aUK :$bDepartment of Health,$c2016.
=300  \\$a1 online resource.
=336  \\$atext$2rdacontent
=337  \\$acomputer$2rdamedia
=338  \\$aonline resource$2rdacarrier
=859  \\$aELD$bebook
=852  \\$aBritish Library$bHMNTS$cDRT$jELD.DS.114429
=CAT  \\$aBATCH-EBKN$b00$c20170128$lBLL01$h0202
=CAT  \\$aEBKS-FXD$c20170128$lBLL01$h0208
=CAT  \\$aBATCH$b00$c20170128$lBLL01$h0208
=CAT  \\$a10983$b40$c20180501$lBLL01$h1207
=CAT  \\$aW1810-2163$c20190208$lBLL01$h2028
=DRT  \\$aLD-ebooks
=SRC  \\$aSubmission Portal
=STA  \\$aSUPPRESSED$bRebatched as Serial
=LAS  \\$aW1810-2163$b00$c20190208$lBLL01$h2028

