=LDR  01949cam a2200565 i 4500
=001  018202381
=003  Uk
=005  20220110180323.0
=006  m\\\\||\\d\|\\\\\\
=007  cr\|||||||||||
=008  170131r20172016ii\a\\\\ob\\\\0|1\0|eng\\
=FMT  \\$a  BK
=015  \\$aGBB852035$2bnb
=020  \\$a9788131246771$qPDF
=020  \\$a8131246779$qPDF
=020  \\$z9780323295680$qhardback
=020  \\$z9788131231272$qpaperback
=037  \\$a9788131246771$bIngram Content Group
=040  \\$aUk$beng$cUk$erda
=042  \\$aukblcatcopy
=082  04$a616.0756$223
=245  00$aHenry's clinical diagnosis and management by laboratory methods /$c[edited by] Richard A. McPherson, Matthew R. Pincus.
=250  \\$aFirst South Asia Edition.
=264  \1$aNew Delhi :$bElsevier,$c[2017?]
=300  \\$a1 online resource (xviii, 1565 pages) :$billustrations
=336  \\$atext$2rdacontent
=337  \\$acomputer$2rdamedia
=338  \\$aonline resource$2rdacarrier
=500  \\$aOriginally published in print format: 2016.
=504  \\$aIncludes bibliographical references and index.
=530  \\$aAlso issued in print format.
=650  \0$aDiagnosis, Laboratory.
=700  1\$aMcPherson, Richard A.,$eeditor.
=700  1\$aPincus, Matthew R.,$eeditor.
=859  \\$aELD$bebook
=852  \\$aBritish Library$bHMNTS$cDRT$jELD.DS.115184
=CAT  \\$aBATCH-EBKN$b00$c20170204$lBLL01$h0224
=CAT  \\$aBATCH-UPD$b00$c20170204$lBLL01$h0224
=CAT  \\$aEBKS-FXD$c20170204$lBLL01$h0229
=CAT  \\$aBATCH$b00$c20170204$lBLL01$h0230
=CAT  \\$a9657$b40$c20180313$lBLL01$h1530
=CAT  \\$a8141$b40$c20180320$lBLL01$h1059
=CAT  \\$a7183$b40$c20220110$lBLL01$h1803
=FIN  \\$aY$d20180313
=DRT  \\$aLD-ebooks
=SRC  \\$aIngrams
=STA  \\$aSUPPRESSED$bE-content not eligible for Non-Print Legal Deposit
=ONX  \\$aIN
=ONS  \7$aMED$x000000$2bisacsh
=LAS  \\$a7183$b40$c20220110$lBLL01$h1803

