=LDR  01522 am a22004335i 4500
=001  018220358
=003  Uk
=005  20190208202828.0
=006  m\\\\||\\d\|\\\\\\
=007  cr\|||||||||||
=008  170207s2017\\\\xxk||||go\\\\||||\||eng\\
=FMT  \\$a  BK
=020  \\$a9780750958639$qEPUB
=020  \\$a0750958634$qEPUB
=037  \\$a9780750958639$bIngram Content Group
=040  \\$aUk$beng$cUk
=100  1\$aOrchard, Chris$eauthor
=245  10$aBritish Forces Motorcycles 1925-1945 /$cChris Orchard, Steve Madden.
=264  \1$aStroud :$bThe History Press,$c2017.
=300  \\$a1 online resource (304 pages :$b180 illustrations).
=336  \\$atext$2rdacontent
=337  \\$acomputer$2rdamedia
=338  \\$aonline resource$2rdacarrier
=700  1\$aMadden, S. J.$q(Steve J.),$eauthor.
=859  \\$aELD$bebook
=852  \\$aBritish Library$bHMNTS$cDRT$jELD.DS.115633$qImperfect: ebook display problem (cover only).
=CAT  \\$aBATCH-EBKN$b00$c20170210$lBLL01$h0225
=CAT  \\$aBATCH-UPD$b00$c20170210$lBLL01$h0226
=CAT  \\$aEBKS-FXD$c20170210$lBLL01$h0232
=CAT  \\$aBATCH$b00$c20170210$lBLL01$h0233
=CAT  \\$aBATCH-UPD$b00$c20170924$lBLL01$h2106
=CAT  \\$a5194$b40$c20170925$lBLL01$h1155
=CAT  \\$a7164$b40$c20181105$lBLL01$h0801
=CAT  \\$aW1810-2163$c20190208$lBLL01$h2028
=DRT  \\$aLD-ebooks
=SRC  \\$aIngrams
=STA  \\$aSUPPRESSED$bE-content not adequate for display
=ONS  \7$aTRA$x003010$2bisacsh
=LAS  \\$aW1810-2163$b00$c20190208$lBLL01$h2028

