=LDR  01438 am a22004095i 4500
=001  018220361
=003  Uk
=005  20190208202828.0
=006  m\\\\||\\d\|\\\\\\
=007  cr\|||||||||||
=008  170207s2017\\\\xxk||||go\\\\||||\||eng\\
=FMT  \\$a  BK
=020  \\$a9780750983259$qEPUB
=020  \\$a0750983256$qEPUB
=037  \\$a9780750983259$bIngram Content Group
=040  \\$aUk$beng$cUk
=100  1\$aLewis, Chris,$eauthor.
=245  10$aCrazy :$bMy Road to Redemption /$cChris Lewis.
=264  \1$aStroud :$bThe History Press,$c2017.
=300  \\$a1 online resource (256 pages :$b16 illustrations).
=336  \\$atext$2rdacontent
=337  \\$acomputer$2rdamedia
=338  \\$aonline resource$2rdacarrier
=859  \\$aELD$bebook
=852  \\$aBritish Library$bHMNTS$cDRT$jELD.DS.115636$qImperfect: ebook display problem (cover only).
=CAT  \\$aBATCH-EBKN$b00$c20170210$lBLL01$h0225
=CAT  \\$aBATCH-UPD$b00$c20170210$lBLL01$h0225
=CAT  \\$aEBKS-FXD$c20170210$lBLL01$h0232
=CAT  \\$aBATCH$b00$c20170210$lBLL01$h0233
=CAT  \\$a7164$b40$c20181105$lBLL01$h0832
=CAT  \\$aW1810-2163$c20190208$lBLL01$h2028
=DRT  \\$aLD-ebooks
=SRC  \\$aIngrams
=STA  \\$aSUPPRESSED$bE-content not adequate for display
=ONS  \7$aBIO$x016000$2bisacsh
=ONS  \\$tcricket, autobiography, cricketer, county cricket, sport,$2Subject Keywords
=LAS  \\$aW1810-2163$b00$c20190208$lBLL01$h2028

