=LDR  01463cam a22003615i 4500
=001  018223479
=003  Uk
=005  20220518144310.0
=006  m\\\\||\\d\|\\\\\\
=007  cr\|||||||||||
=008  161102s2014||||nik|||||o|||||||||||eng|d
=FMT  \\$a  BK
=037  \\$aNIOPA_299$bQueen's University Belfast$nNorthern Ireland Official Publications Repository
=040  \\$aNiBfQU$beng$cNiBfQU$dUk
=110  2\$aNorthern Ireland Council for Integrated Education,$eauthor.
=245  14$aThe Northern Ireland Council for Integrated Education (a company limited by guarantee) Director's report and financial statement for the year ended 31 March 2014.
=264  \1$aNorthern Ireland :$bNorthern Ireland Council for Integrated Education,$c2014.
=300  \\$a1 online resource.
=336  \\$atext$2rdacontent
=337  \\$acomputer$2rdamedia
=338  \\$aonline resource$2rdacarrier
=884  \\$aLDL ebooks transformation to marcxml using queens_eb2marc.xsl$g20170209$kNIOPA_299$qUk
=859  \\$aELD$bebook
=852  \\$aBritish Library$bHMNTS$cDRT$jELD.DS.117293
=CAT  \\$aBATCH-EBKN$b00$c20170212$lBLL01$h0202
=CAT  \\$aEBKS-FXD$c20170212$lBLL01$h0210
=CAT  \\$aBATCH$b00$c20170212$lBLL01$h0212
=CAT  \\$aW1810-2165$c20190130$lBLL01$h1518
=CAT  \\$a15190$b40$c20220518$lBLL01$h1443
=DRT  \\$aLD-ebooks
=SRC  \\$aCollection Metadata
=STA  \\$aSUPPRESSED$bRebatched as Serial
=LAS  \\$a15190$b40$c20220518$lBLL01$h1443

