=LDR  01393 am a22003615i 4500
=001  018223505
=003  Uk
=005  20190130151843.0
=006  m\\\\||\\d\|\\\\\\
=007  cr\|||||||||||
=008  161102s2015||||nik|||||o|||||||||||eng|d
=FMT  \\$a  BK
=037  \\$aNIOPA_247$bQueen's University Belfast$nNorthern Ireland Official Publications Repository
=040  \\$aNiBfQU$beng$cNiBfQU$dUk
=110  1\$aNorthern Ireland.$bDepartment of Finance and Personnel,$eauthor.
=245  10$aPrincipal Civil Service Pension Scheme (Amendment No.2) Scheme (Northern Ireland) 2015.
=264  \1$aNorthern Ireland :$b[Department of Finance and Personnel],$c2015.
=300  \\$a1 online resource.
=336  \\$atext$2rdacontent
=337  \\$acomputer$2rdamedia
=338  \\$aonline resource$2rdacarrier
=884  \\$aLDL ebooks transformation to marcxml using queens_eb2marc.xsl$g20170209$kNIOPA_247$qUk
=859  \\$aELD$bebook
=852  \\$aBritish Library$bHMNTS$cDRT$jELD.DS.117319
=CAT  \\$aBATCH-EBKN$b00$c20170212$lBLL01$h0202
=CAT  \\$aEBKS-FXD$c20170212$lBLL01$h0210
=CAT  \\$aBATCH$b00$c20170212$lBLL01$h0212
=CAT  \\$a8250$b40$c20170620$lBLL01$h0853
=CAT  \\$aW1810-2165$c20190130$lBLL01$h1518
=DRT  \\$aLD-ebooks
=SRC  \\$aCollection Metadata
=STA  \\$aSUPPRESSED$bIncorrect document attached
=LAS  \\$aW1810-2165$b00$c20190130$lBLL01$h1518

