=LDR  01270 am a22003615i 4500
=001  018224190
=003  Uk
=005  20200122112213.0
=006  m\\\\||\\d\|\\\\\\
=007  cr\|||||||||||
=008  170213s2014\\\\xxk|||||o\\\\||||\||eng\\
=FMT  \\$a  BK
=040  \\$aUk$beng$cUk
=245  00$aMedical and dental students survey 2014 :$bSurvey for the Department of Health and the UK higher education funding bodies.
=264  \1$a[Bristol] :$bHigher Education Funding Council for England, (HEFCE),$c2014.
=300  \\$a1 online resource.
=336  \\$atext$2rdacontent
=337  \\$acomputer$2rdamedia
=338  \\$aonline resource$2rdacarrier
=500  \\$aCore operations September 2014/19
=859  \\$aELD$bebook
=852  \\$aBritish Library$bHMNTS$cDRT$jELD.DS.118267
=CAT  \\$aBATCH-EBKN$b00$c20170213$lBLL01$h0201
=CAT  \\$aEBKS-FXD$c20170213$lBLL01$h0204
=CAT  \\$aBATCH$b00$c20170213$lBLL01$h0204
=CAT  \\$a10983$b40$c20180510$lBLL01$h1058
=CAT  \\$aW1810-2163$c20190208$lBLL01$h2028
=CAT  \\$a11450$b40$c20200122$lBLL01$h1120
=CAT  \\$a11450$b40$c20200122$lBLL01$h1122
=DRT  \\$aLD-ebooks
=SRC  \\$aSubmission Portal
=STA  \\$aSUPPRESSED$bRebatched as Serial
=LAS  \\$a11450$b40$c20200122$lBLL01$h1122

