=LDR  02137aam a22005891i 4500
=001  018238010
=003  Uk
=005  20190208202900.0
=006  m\\\\||\\d\|\\\\\\
=007  cr\|||||||||||
=008  170222s2016\\\\|||||||go\\\\||||\||eng\\
=FMT  \\$a  BK
=015  \\$aGBB7N6602$2bnb
=020  \\$a9781868425686$qEPUB
=020  \\$a1868425681$qEPUB
=037  \\$a9781868425686$bIngram Content Group
=040  \\$aUk$beng$cUk
=041  1\$aafr$heng
=042  \\$aukblsr
=082  04$a823.92$223
=100  1\$aKotzè, Joyce,$eauthor.
=240  10$aRunaway horses.$lAfrikaans
=245  10$aWintersrust /$cJoyce Kotzè ; vertaal deur Daniel Hugo.
=264  \1$a[Place of publication not identified] :$bJonathan Ball Publishers,$c2016.
=300  \\$a1 online resource (300 pages).
=336  \\$atext$2rdacontent
=337  \\$acomputer$2rdamedia
=338  \\$aonline resource$2rdacarrier
=500  \\$aTranslated from the Engish.
=650  \0$aSouth African War, 1899-1902$vFiction.
=650  \0$aWar and families$vFiction.
=655  \4$aElectronic books.
=700  1\$aHugo, Daniel,$etranslator.
=859  \\$aELD$bebook
=852  \\$aBritish Library$bHMNTS$cDRT$jELD.DS.119481$qImperfect: incorrect title sent.
=BUF  1\$aN$d20171211
=CAT  \\$aBATCH-EBKN$b00$c20170225$lBLL01$h0221
=CAT  \\$aBATCH-UPD$b00$c20170225$lBLL01$h0222
=CAT  \\$aEBKS-FXD$c20170225$lBLL01$h0225
=CAT  \\$aBATCH$b00$c20170225$lBLL01$h0225
=CAT  \\$aBATCH-UPEB$b00$c20171211$lBLL01$h1700
=CAT  \\$a8141$b40$c20180110$lBLL01$h1212
=CAT  \\$a11279$b40$c20180130$lBLL01$h1204
=CAT  \\$aW1810-2163$c20190208$lBLL01$h2029
=FIN  \\$aY$d20171211
=DRT  \\$aLD-ebooks
=SRC  \\$aIngrams
=STA  \\$aSUPPRESSED$bE-content not adequate for display
=ONS  \7$aBIO$b000000$2bisacsh
=ONS  \7$aBGF$2bicssc
=ONS  \\$tCliffhanger, Confessions of a Shock Jock, Gareth Cliff, Humour, Idols, Idols South Africa, 5FM, Jonathan Ball, Jonathan Ball Publishers, South Africa, Penny Sparrow, M-Net, CliffCentral$2Subject Keywords
=LAS  \\$aW1810-2163$b00$c20190208$lBLL01$h2029

