=LDR  01414 am a22003735i 4500
=001  018238995
=003  Uk
=005  20190130151847.0
=006  m\\\\||\\d\|\\\\\\
=007  cr\|||||||||||
=008  161102s2015||||nik|||||o|||||||||||eng|d
=FMT  \\$a  BK
=037  \\$aNIOPA_1255$bQueen's University Belfast$nNorthern Ireland Official Publications Repository
=040  \\$aNiBfQU$beng$cNiBfQU$dUk
=110  1\$aNorthern Ireland.$bDepartment of Culture, Arts & Leisure,$eauthor.
=245  10$aRaising Concerns Policy (previously 'Whistleblowing').
=264  \1$aNorthern Ireland :$bDepartment of Culture, Arts and Leisure,$c2015.
=300  \\$a1 online resource.
=336  \\$atext$2rdacontent
=337  \\$acomputer$2rdamedia
=338  \\$aonline resource$2rdacarrier
=884  \\$aLDL ebooks transformation to marcxml using queens_eb2marc.xsl$g20170209$kNIOPA_1255$qUk
=859  \\$aELD$bebook
=852  \\$aBritish Library$bHMNTS$cDRT$jELD.DS.120166
=CAT  \\$aBATCH-EBKN$b00$c20170227$lBLL01$h0200
=CAT  \\$aEBKS-FXD$c20170227$lBLL01$h0203
=CAT  \\$aBATCH$b00$c20170227$lBLL01$h0203
=CAT  \\$a5100$b40$c20170406$lBLL01$h0820
=CAT  \\$a8250$b40$c20170620$lBLL01$h0854
=CAT  \\$aW1810-2165$c20190130$lBLL01$h1518
=DRT  \\$aLD-ebooks
=SRC  \\$aCollection Metadata
=STA  \\$aSUPPRESSED$bIncorrect document attached
=LAS  \\$aW1810-2165$b00$c20190130$lBLL01$h1518

