=LDR  01270 am a22003615i 4500
=001  018239024
=003  Uk
=005  20200122112252.0
=006  m\\\\||\\d\|\\\\\\
=007  cr\|||||||||||
=008  170227s2015\\\\xxk|||||o\\\\||||\||eng\\
=FMT  \\$a  BK
=040  \\$aUk$beng$cUk
=245  00$aMedical and dental students survey 2015 :$bSurvey for the Department of Health and the UK higher education funding bodies.
=264  \1$a[Bristol] :$bHigher Education Funding Council for England, (HEFCE),$c2015.
=300  \\$a1 online resource.
=336  \\$atext$2rdacontent
=337  \\$acomputer$2rdamedia
=338  \\$aonline resource$2rdacarrier
=500  \\$aCore operations September 2015/18
=859  \\$aELD$bebook
=852  \\$aBritish Library$bHMNTS$cDRT$jELD.DS.120195
=CAT  \\$aBATCH-EBKN$b00$c20170227$lBLL01$h0200
=CAT  \\$aEBKS-FXD$c20170227$lBLL01$h0203
=CAT  \\$aBATCH$b00$c20170227$lBLL01$h0203
=CAT  \\$a10983$b40$c20180510$lBLL01$h1059
=CAT  \\$aW1810-2163$c20190208$lBLL01$h2029
=CAT  \\$a11450$b40$c20200122$lBLL01$h1121
=CAT  \\$a11450$b40$c20200122$lBLL01$h1122
=DRT  \\$aLD-ebooks
=SRC  \\$aSubmission Portal
=STA  \\$aSUPPRESSED$bRebatched as Serial
=LAS  \\$a11450$b40$c20200122$lBLL01$h1122

