=LDR  01035 am a22003255i 4500
=001  018243282
=003  Uk
=005  20190208202907.0
=006  m\\\\||\\d\|\\\\\\
=007  cr\|||||||||||
=008  170302s2014\\\\xxk|||||o\\\\||||\||eng\\
=FMT  \\$a  BK
=040  \\$aUk$beng$cUk
=245  00$aChildren, Families and Maternity e-bulletin :$bOctober 2014Edition 82.
=264  \1$aUK :$bDepartment of Health,$c2014.
=300  \\$a1 online resource.
=336  \\$atext$2rdacontent
=337  \\$acomputer$2rdamedia
=338  \\$aonline resource$2rdacarrier
=859  \\$aELD$bebook
=852  \\$aBritish Library$bHMNTS$cDRT$jELD.DS.120391
=CAT  \\$aBATCH-EBKN$b00$c20170302$lBLL01$h0225
=CAT  \\$aEBKS-FXD$c20170302$lBLL01$h0234
=CAT  \\$aBATCH$b00$c20170302$lBLL01$h0234
=CAT  \\$a10983$b40$c20180510$lBLL01$h1202
=CAT  \\$aW1810-2163$c20190208$lBLL01$h2029
=DRT  \\$aLD-ebooks
=SRC  \\$aSubmission Portal
=STA  \\$aSUPPRESSED$bRebatched as Serial
=LAS  \\$aW1810-2163$b00$c20190208$lBLL01$h2029

