=LDR  01163 am a22003615i 4500
=001  018243328
=003  Uk
=005  20210601120135.0
=006  m\\\\||\\d\|\\\\\\
=007  cr\|||||||||||
=008  170302s2014\\\\xxk|||||o\\\\||||\||eng\\
=FMT  \\$a  BK
=040  \\$aUk$beng$cUk
=245  00$aAnimals (Scientific Procedures) Act 1986 :$bNon-technical summaries granted during 2013.
=264  \1$a[London] :$bHome Office,$c[2014].
=300  \\$a1 online resource.
=336  \\$atext$2rdacontent
=337  \\$acomputer$2rdamedia
=338  \\$aonline resource$2rdacarrier
=500  \\$aVolume 3
=859  \\$aELD$bebook
=852  \\$aBritish Library$bHMNTS$cDRT$jELD.DS.120437
=985  \\$aIngested as mono in error
=CAT  \\$aBATCH-EBKN$b00$c20170302$lBLL01$h0225
=CAT  \\$aEBKS-FXD$c20170302$lBLL01$h0234
=CAT  \\$aBATCH$b00$c20170302$lBLL01$h0234
=CAT  \\$a11279$b40$c20170307$lBLL01$h1152
=CAT  \\$aW1810-2163$c20190208$lBLL01$h2029
=CAT  \\$a14412$b40$c20210601$lBLL01$h1201
=DRT  \\$aLD-ebooks
=SRC  \\$aSubmission Portal
=STA  \\$aSUPPRESSED$bRebatched as Serial
=LAS  \\$a14412$b40$c20210601$lBLL01$h1201

