=LDR  01161 am a22003375i 4500
=001  018244909
=003  Uk
=005  20190208202910.0
=006  m\\\\||\\d\|\\\\\\
=007  cr\|||||||||||
=008  170304s2016\\\\xxk|||||o\\\\||||\||eng\\
=FMT  \\$a  BK
=040  \\$aUk$beng$cUk
=245  00$aMedical and dental students survey 2016 :$bSurvey for the Department of Health and the UK higher education funding bodies.
=264  \1$a[Bristol] :$bHigher Education Funding Council for England, (HEFCE),$c2016.
=300  \\$a1 online resource.
=336  \\$atext$2rdacontent
=337  \\$acomputer$2rdamedia
=338  \\$aonline resource$2rdacarrier
=500  \\$aSeptember 2016/21
=859  \\$aELD$bebook
=852  \\$aBritish Library$bHMNTS$cDRT$jELD.DS.120722
=CAT  \\$aBATCH-EBKN$b00$c20170304$lBLL01$h0201
=CAT  \\$aEBKS-FXD$c20170304$lBLL01$h0204
=CAT  \\$aBATCH$b00$c20170304$lBLL01$h0205
=CAT  \\$a10983$b40$c20180510$lBLL01$h1137
=CAT  \\$aW1810-2163$c20190208$lBLL01$h2029
=DRT  \\$aLD-ebooks
=SRC  \\$aSubmission Portal
=STA  \\$aSUPPRESSED$bRebatched as Serial
=LAS  \\$aW1810-2163$b00$c20190208$lBLL01$h2029

