=LDR  01355cam a22003735i 4500
=001  018251979
=003  Uk
=005  20230822110438.0
=006  m\\\\||\\d\|\\\\\\
=007  cr\|||||||||||
=008  161102s2015\\\\nik|||||o||||f||||||eng|d
=FMT  \\$a  BK
=037  \\$aNIOPA_1867$bQueen's University Belfast$nNorthern Ireland Official Publications Repository
=040  \\$aNiBfQU$beng$cNiBfQU$dUk
=110  20$aInternational Fund for Ireland,$eauthor.
=245  10$aFund Focus :$bWomen in peacebuilding.
=264  \1$aNorthern Ireland :$bInternational Fund for Ireland,$c2015.
=300  \\$a1 online resource.
=336  \\$atext$2rdacontent
=337  \\$acomputer$2rdamedia
=338  \\$aonline resource$2rdacarrier
=884  \\$aLDL ebooks transformation to marcxml using queens_eb2marc.xsl$g20170228$kNIOPA_1867$qUk
=859  \\$aELD$bebook
=852  \\$aBritish Library$bHMNTS$cDRT$jELD.DS.121189
=CAT  \\$aBATCH-EBKN$b00$c20170309$lBLL01$h0230
=CAT  \\$aBATCH-UPD$b00$c20170309$lBLL01$h0230
=CAT  \\$aEBKS-FXD$c20170309$lBLL01$h0238
=CAT  \\$aBATCH$b00$c20170309$lBLL01$h0239
=CAT  \\$aW1810-2165$c20190130$lBLL01$h1518
=CAT  \\$a15190$b40$c20230822$lBLL01$h1104
=DRT  \\$aLD-ebooks
=SRC  \\$aCollection Metadata
=STA  \\$aSUPPRESSED$bRebatched as Serial
=LAS  \\$a15190$b40$c20230822$lBLL01$h1104

