=LDR  02907aam a22006611i 4500
=001  018255470
=003  Uk
=005  20210518111423.0
=006  m\\\\||\\d\|\\\\\\
=007  cr\|||||||||||
=008  170308s2017\\\\||||||||o\\\\||||\||eng\\
=FMT  \\$a  BK
=015  \\$aGBB7F0951$2bnb
=037  \\$a9781351957915$bIngram Content Group
=040  \\$aUk$beng$cUk
=042  \\$aukblsr
=082  00$a230/.2/092$222
=082  04$a189.4$222
=100  1\$aGasper, Giles E. M.$q(Giles Edward Murray),$d1975-
=245  10$aAnselm of Canterbury and his theological inheritance /$cGiles E.M. Gasper.
=264  \1$a[Place of publication not identified] :$bRoutledge,$c2017.
=300  \\$a1 online resource (224 pages).
=336  \\$atext$2rdacontent
=337  \\$acomputer$2rdamedia
=338  \\$aonline resource$2rdacarrier
=505  0\$aAnselm and his sources -- The wandering scholar -- The library at Bec -- 'Faith seeking understanding' -- The Christological frame -- The Council of Bari -- Appendix 1: A survey of Greek patristic holdings of Norman monasteries in the eleventh century -- Appendix 2: A provisional list of books likely to have been in Bec Library in the eleventh century.
=600  00$aAnselm,$cSaint, Archbishop of Canterbury,$d1033-1109.
=600  14$aAnselme <saint, archevêque de Canterbury,$d1033-1109>
=600  06$aAnselme,$csaint, archevêque de Canterbury,$d1033-1109.
=600  07$aAnselm,$cSaint, Archbishop of Canterbury,$d1033-1109$2fast$0(OCoLC)fst00008160
=600  07$aAnselmus,$cCantuariensis,$d1033-1109.$0(DE-588)118503278$2gnd
=600  17$aAnselm (von Canterbury)$2swd
=650  \0$aTheology$xHistory$yMiddle Ages, 600-1500.
=650  \4$aThéologie$xHistoire$x600-1500 (Moyen Âge)
=650  \6$aThéologie$xHistoire$y600-1500 (Moyen Âge)
=650  \7$aTheology$xMiddle Ages.$2fast$0(OCoLC)fst01907239
=650  17$aReceptie.$2gtt
=650  07$aKirchenväter.$0(DE-588)4030763-3$2gnd
=650  07$aPatristik.$0(DE-588)4075933-7$2gnd
=650  07$aKirchenväter.$2swd
=650  07$aPatristik.$2swd
=655  \7$aHistory.$2fast$0(OCoLC)fst01411628
=859  \\$aELD$bebook
=852  \\$aBritish Library$bHMNTS$cDRT$jELD.DS.123146$qImperfect: incorrect title sent.
=985  \\$a9781351957915EPUB1351957910EPUB removed 020 fields to allow for replacement record if available
=BUF  1\$aN$d20170828
=CAT  \\$aBATCH-EBKN$b00$c20170311$lBLL01$h0231
=CAT  \\$aEBKS-FXD$c20170311$lBLL01$h0241
=CAT  \\$aBATCH$b00$c20170311$lBLL01$h0242
=CAT  \\$aBATCH-UPEB$b00$c20170828$lBLL01$h1700
=CAT  \\$aW1810-2163$c20190208$lBLL01$h2029
=CAT  \\$a11279$b40$c20210518$lBLL01$h1114
=FIN  \\$aY$d20170828
=DRT  \\$aLD-ebooks
=SRC  \\$aIngrams
=STA  \\$aSUPPRESSED$bE-content not adequate for display
=ONS  \7$aREL$x000000$2bisacsh
=LAS  \\$a11279$b40$c20210518$lBLL01$h1114

