=LDR  01377 am a22003615i 4500
=001  018257978
=003  Uk
=005  20190130151852.0
=006  m\\\\||\\d\|\\\\\\
=007  cr\|||||||||||
=008  161102s2016\\\\nik|||||o||||f||||||eng|d
=FMT  \\$a  BK
=037  \\$aNIOPA_1988$bQueen's University Belfast$nNorthern Ireland Official Publications Repository
=040  \\$aNiBfQU$beng$cNiBfQU$dUk
=110  1\$aNorthern Ireland.$bDepartment of Finance and Personnel,$eauthor.
=245  10$a2015-16 Summary of Main Changes - Agency Pink :$bIllustrative Accounts.
=264  \1$aNorthern Ireland :$bDepartment of Finance and Personnel,$c2016.
=300  \\$a1 online resource.
=336  \\$atext$2rdacontent
=337  \\$acomputer$2rdamedia
=338  \\$aonline resource$2rdacarrier
=884  \\$aLDL ebooks transformation to marcxml using queens_eb2marc.xsl$g20170309$kNIOPA_1988$qUk
=859  \\$aELD$bebook
=852  \\$aBritish Library$bHMNTS$cDRT$jELD.DS.123606
=CAT  \\$aBATCH-EBKN$b00$c20170312$lBLL01$h0244
=CAT  \\$aEBKS-FXD$c20170312$lBLL01$h0253
=CAT  \\$aBATCH$b00$c20170312$lBLL01$h0254
=CAT  \\$a8250$b40$c20170620$lBLL01$h0855
=CAT  \\$aW1810-2165$c20190130$lBLL01$h1518
=DRT  \\$aLD-ebooks
=SRC  \\$aCollection Metadata
=STA  \\$aSUPPRESSED$bIncorrect document attached
=LAS  \\$aW1810-2165$b00$c20190130$lBLL01$h1518

