=LDR  01459cam a22003975i 4500
=001  018258038
=003  Uk
=005  20230829120904.0
=006  m\\\\||\\d\|\\\\\\
=007  cr\|||||||||||
=008  161102s2015\\\\nik|||||o||||f||||||eng|d
=FMT  \\$a  BK
=037  \\$aNIOPA_2246$bQueen's University Belfast$nNorthern Ireland Official Publications Repository
=040  \\$aNiBfQU$beng$cNiBfQU$dUk
=110  2\$aOpinion Research Corporation International.
=245  10$aCivil Service People Survey 2015.
=264  \1$aNorthern Ireland :$bNorthern Ireland Office,$c2015.
=300  \\$a1 online resource.
=336  \\$atext$2rdacontent
=337  \\$acomputer$2rdamedia
=338  \\$aonline resource$2rdacarrier
=710  1\$aGreat Britain.$bNorthern Ireland Office,$epublisher.
=884  \\$aLDL ebooks transformation to marcxml using queens_eb2marc.xsl$g20170309$kNIOPA_2246$qUk
=859  \\$aELD$bebook
=852  \\$aBritish Library$bHMNTS$cDRT$jELD.DS.123666
=CAT  \\$aBATCH-EBKN$b00$c20170312$lBLL01$h0244
=CAT  \\$aEBKS-FXD$c20170312$lBLL01$h0253
=CAT  \\$aBATCH$b00$c20170312$lBLL01$h0254
=CAT  \\$a3391$b40$c20170323$lBLL01$h1934
=CAT  \\$a3391$b40$c20170323$lBLL01$h1936
=CAT  \\$aW1810-2165$c20190130$lBLL01$h1518
=CAT  \\$a14412$b40$c20230829$lBLL01$h1209
=DRT  \\$aLD-ebooks
=SRC  \\$aCollection Metadata
=STA  \\$aSUPPRESSED$bRebatched as Serial
=LAS  \\$a14412$b40$c20230829$lBLL01$h1209

