=LDR  01628cam a22004695i 4500
=001  018261996
=003  Uk
=005  20220401065056.0
=006  m\\\\||\\d\|\\\\\\
=007  cr\|||||||||||
=008  170310s2016\\\\xxk||||jo\\\\||||\||eng\\
=FMT  \\$a  BK
=020  \\$a9780571337880$qEPUB
=020  \\$a0571337880$qEPUB
=037  \\$aFaber27960$bIngram Content Group
=040  \\$aUk$beng$cUk
=100  1\$aHamilton, Alwyn,$eauthor.
=245  10$aRebel of the Sands free ebook sampler /$cAlwyn Hamilton.
=250  \\$aMain
=264  \1$aLondon :$bFaber & Faber,$c2016.
=300  \\$a1 online resource (103 pages).
=336  \\$atext$2rdacontent
=337  \\$acomputer$2rdamedia
=338  \\$aonline resource$2rdacarrier
=650  \7$aJUVENILE FICTION / Love & Romance$2bisacsh
=650  \7$aJUVENILE FICTION / Action & Adventure / General$2bisacsh
=650  \7$aJUVENILE FICTION / Legends, Myths, Fables / Other$2bisacsh
=650  \7$aRomance & Relationships Stories (Children's/Ya)$2bicssc
=650  \7$aAdventure Stories (Children's/Ya)$2bicssc
=859  \\$aELD$bebook
=852  \\$aBritish Library$bHMNTS$cDRT$jELD.DS.126470
=CAT  \\$aBATCH-EBKN$b00$c20170314$lBLL01$h0225
=CAT  \\$aBATCH-UPD$b00$c20170314$lBLL01$h0225
=CAT  \\$aEBKS-FXD$c20170314$lBLL01$h0237
=CAT  \\$aBATCH$b00$c20170314$lBLL01$h0239
=CAT  \\$aW1810-2163$c20190208$lBLL01$h2030
=CAT  \\$a7164$b40$c20220401$lBLL01$h0650
=DRT  \\$aLD-ebooks
=SRC  \\$aIngrams
=STA  \\$aSUPPRESSED$bPromotional sample content
=ONS  \7$aJUV$x037000$2bisacsh
=LAS  \\$a7164$b40$c20220401$lBLL01$h0650

