=LDR  01268cam a22003975i 4500
=001  018266579
=003  Uk
=005  20220110171941.0
=006  m\\\\||\\d\|\\\\\\
=007  cr\|||||||||||
=008  170313s2017\\\\||||||||o\\\\||||\||eng\\
=FMT  \\$a  BK
=020  \\$a9788131249222$qEPUB
=020  \\$a8131249220$qEPUB
=037  \\$a9788131249222$bIngram Content Group
=040  \\$aUk$beng$cUk
=245  00$aFirst South Asia Edition- Grays Anatomy For Students_Ebook /$cRaveendra nath.
=264  \1$bElsevier,$c2017.
=300  \\$a1 online resource (1284 pages).
=336  \\$atext$2rdacontent
=337  \\$acomputer$2rdamedia
=338  \\$aonline resource$2rdacarrier
=700  1\$anath, Raveendra$eeditor
=859  \\$aELD$bebook
=852  \\$aBritish Library$bHMNTS$cDRT$jELD.DS.127309
=CAT  \\$aBATCH-EBKN$b00$c20170317$lBLL01$h0201
=CAT  \\$aEBKS-FXD$c20170317$lBLL01$h0207
=CAT  \\$aBATCH$b00$c20170317$lBLL01$h0208
=CAT  \\$aW1810-2163$c20190208$lBLL01$h2030
=CAT  \\$a7183$b40$c20220110$lBLL01$h1719
=DRT  \\$aLD-ebooks
=SRC  \\$aIngrams
=STA  \\$aSUPPRESSED$bE-content not eligible for Non-Print Legal Deposit
=ONX  \\$aIN
=ONS  \7$aMED$x000000$2bisacsh
=LAS  \\$a7183$b40$c20220110$lBLL01$h1719

