=LDR  01023 am a22003255i 4500
=001  018266797
=003  Uk
=005  20190208203011.0
=006  m\\\\||\\d\|\\\\\\
=007  cr\|||||||||||
=008  170317s2014\\\\xxk|||||o\\\\||||\||eng\\
=FMT  \\$a  BK
=040  \\$aUk$beng$cUk
=245  00$aChildren, Families and Maternity e-bulletin :$bEdition 79.
=264  \1$aUK :$bDepartment of Health,$c2014.
=300  \\$a1 online resource.
=336  \\$atext$2rdacontent
=337  \\$acomputer$2rdamedia
=338  \\$aonline resource$2rdacarrier
=859  \\$aELD$bebook
=852  \\$aBritish Library$bHMNTS$cDRT$jELD.DS.127527
=CAT  \\$aBATCH-EBKN$b00$c20170317$lBLL01$h0201
=CAT  \\$aEBKS-FXD$c20170317$lBLL01$h0207
=CAT  \\$aBATCH$b00$c20170317$lBLL01$h0208
=CAT  \\$a10983$b40$c20180510$lBLL01$h1201
=CAT  \\$aW1810-2163$c20190208$lBLL01$h2030
=DRT  \\$aLD-ebooks
=SRC  \\$aSubmission Portal
=STA  \\$aSUPPRESSED$bRebatched as Serial
=LAS  \\$aW1810-2163$b00$c20190208$lBLL01$h2030

