=LDR  01473 am a22003735i 4500
=001  018272593
=003  Uk
=005  20190130151856.0
=006  m\\\\||\\d\|\\\\\\
=007  cr\|||||||||||
=008  161102s2016\\\\nik|||||o||||f||||||eng|d
=FMT  \\$a  BK
=037  \\$aNIOPA_2312$bQueen's University Belfast$nNorthern Ireland Official Publications Repository
=040  \\$aNiBfQU$beng$cNiBfQU$dUk
=110  1\$aNorthern Ireland.$bDepartment of Health, Social Services, and Public Safety,$eauthor.
=245  10$aEvaluation of the Bamford Action Plan 2012-2015 :$bConsultation document.
=264  \1$aNorthern Ireland :$bDepartment of Health, Social Services and Public Safety,$c2016.
=300  \\$a1 online resource.
=336  \\$atext$2rdacontent
=337  \\$acomputer$2rdamedia
=338  \\$aonline resource$2rdacarrier
=884  \\$aLDL ebooks transformation to marcxml using queens_eb2marc.xsl$g20170320$kNIOPA_2312$qUk
=859  \\$aELD$bebook
=852  \\$aBritish Library$bHMNTS$cDRT$jELD.DS.127804
=CAT  \\$aBATCH-EBKN$b00$c20170323$lBLL01$h0201
=CAT  \\$aBATCH-UPD$b00$c20170323$lBLL01$h0201
=CAT  \\$aEBKS-FXD$c20170323$lBLL01$h0207
=CAT  \\$aBATCH$b00$c20170323$lBLL01$h0207
=CAT  \\$a8250$b40$c20170620$lBLL01$h0855
=CAT  \\$aW1810-2165$c20190130$lBLL01$h1518
=DRT  \\$aLD-ebooks
=SRC  \\$aCollection Metadata
=STA  \\$aSUPPRESSED$bIncorrect document attached
=LAS  \\$aW1810-2165$b00$c20190130$lBLL01$h1518

