=LDR  01627 am a22004455i 4500
=001  018272637
=003  Uk
=005  20190130151857.0
=006  m\\\\||\\d\|\\\\\\
=007  cr\|||||||||||
=008  161102s2016\\\\nik|||||o||||f||||||eng|d
=FMT  \\$a  BK
=037  \\$aNIOPA_2477$bQueen's University Belfast$nNorthern Ireland Official Publications Repository
=040  \\$aNiBfQU$beng$cNiBfQU$dUk
=110  1\$aNorthern Ireland.$bAccessNI,$eauthor.
=245  00$aNewsletter Issue 20, Winter 2016.
=264  \1$aNorthern Ireland :$bAccessNI,$c2016.
=300  \\$a1 online resource.
=336  \\$atext$2rdacontent
=337  \\$acomputer$2rdamedia
=338  \\$aonline resource$2rdacarrier
=650  \7$aPublic safety.$2fast$0(OCoLC)fst01745346.
=884  \\$aLDL ebooks transformation to marcxml using queens_eb2marc.xsl$g20170320$kNIOPA_2477$qUk
=859  \\$aELD$bebook
=852  \\$aBritish Library$bHMNTS$cDRT$jELD.DS.127848
=CAT  \\$aBATCH-EBKN$b00$c20170323$lBLL01$h0201
=CAT  \\$aEBKS-FXD$c20170323$lBLL01$h0207
=CAT  \\$aBATCH$b00$c20170323$lBLL01$h0207
=CAT  \\$a3391$b40$c20170328$lBLL01$h2034
=CAT  \\$a3391$b40$c20170328$lBLL01$h2038
=CAT  \\$a3391$b40$c20170328$lBLL01$h2040
=CAT  \\$a3391$b40$c20170328$lBLL01$h2042
=CAT  \\$a5100$b40$c20170406$lBLL01$h1149
=CAT  \\$aBATCH-UPD$b40$c20170406$lBLL01$h1150
=CAT  \\$a8250$b40$c20170620$lBLL01$h0909
=CAT  \\$aW1810-2165$c20190130$lBLL01$h1518
=DRT  \\$aLD-ebooks
=SRC  \\$aCollection Metadata
=STA  \\$aSUPPRESSED$bSubmitted in error
=LAS  \\$aW1810-2165$b00$c20190130$lBLL01$h1518

