=LDR  01658 am a22004335i 4500
=001  018272639
=003  Uk
=005  20190130151857.0
=006  m\\\\||\\d\|\\\\\\
=007  cr\|||||||||||
=008  161102s2016\\\\nik|||||o||||f||||||eng|d
=FMT  \\$a  BK
=037  \\$aNIOPA_2512$bQueen's University Belfast$nNorthern Ireland Official Publications Repository
=040  \\$aNiBfQU$beng$cNiBfQU$dUk
=110  2\$aAgri-Food and Biosciences Institute,$eauthor.
=245  10$aGrassCheck Week Beginning 11 July 2016.
=264  \1$aNorthern Ireland :$bAgri-Food and Biosciences Institute,$c2016.
=300  \\$a1 online resource.
=336  \\$atext$2rdacontent
=337  \\$acomputer$2rdamedia
=338  \\$aonline resource$2rdacarrier
=650  \7$aAgriculture.$2fast$0(OCoLC)fst00801355.
=710  2\$aCollege of Agriculture, Food and Rural Enterprise,$eauthor.
=710  2\$aAgriSearch (Northern Ireland),$eauthor.
=884  \\$aLDL ebooks transformation to marcxml using queens_eb2marc.xsl$g20170320$kNIOPA_2512$qUk
=859  \\$aELD$bebook
=852  \\$aBritish Library$bHMNTS$cDRT$jELD.DS.127850
=CAT  \\$aBATCH-EBKN$b00$c20170323$lBLL01$h0201
=CAT  \\$aEBKS-FXD$c20170323$lBLL01$h0207
=CAT  \\$aBATCH$b00$c20170323$lBLL01$h0207
=CAT  \\$a3391$b40$c20170327$lBLL01$h2010
=CAT  \\$a3391$b40$c20170327$lBLL01$h2012
=CAT  \\$a3391$b40$c20170328$lBLL01$h1943
=CAT  \\$a8250$b40$c20170727$lBLL01$h0841
=CAT  \\$aW1810-2165$c20190130$lBLL01$h1518
=DRT  \\$aLD-ebooks
=SRC  \\$aCollection Metadata
=STA  \\$aSUPPRESSED$bIncorrect document attached
=LAS  \\$aW1810-2165$b00$c20190130$lBLL01$h1518

