=LDR  01107 am a22003375i 4500
=001  018273292
=003  Uk
=005  20190208203016.0
=006  m\\\\||\\d\|\\\\\\
=007  cr\|||||||||||
=008  170324s2017\\\\xxk|||||o\\\\||||\||eng\\
=FMT  \\$a  BK
=040  \\$aUk$beng$cUk
=245  00$aGuide to Tribunals and Gender Recognition Certificate Statistics Quarterly.
=264  \1$a[London] :$bMinistry of Justice,$c2017.
=300  \\$a1 online resource.
=336  \\$atext$2rdacontent
=337  \\$acomputer$2rdamedia
=338  \\$aonline resource$2rdacarrier
=500  \\$aSelected material | Last updated: March 2017
=859  \\$aELD$bebook
=852  \\$aBritish Library$bHMNTS$cDRT$jELD.DS.128029
=CAT  \\$aBATCH-EBKN$b00$c20170324$lBLL01$h0201
=CAT  \\$aEBKS-FXD$c20170324$lBLL01$h0205
=CAT  \\$aBATCH$b00$c20170324$lBLL01$h0206
=CAT  \\$a15020$b40$c20180620$lBLL01$h1125
=CAT  \\$aW1810-2163$c20190208$lBLL01$h2030
=DRT  \\$aLD-ebooks
=SRC  \\$aSubmission Portal
=STA  \\$aSUPPRESSED$bRe-batched as Serial
=LAS  \\$aW1810-2163$b00$c20190208$lBLL01$h2030

