=LDR  01548 am a22004215i 4500
=001  018274676
=003  Uk
=005  20190703182927.0
=006  m\\\\||\\d\|\\\\\\
=007  cr\|||||||||||
=008  161102s2016\\\\nik|||||o||||f||||||eng|d
=FMT  \\$a  BK
=037  \\$aNIOPA_2694$bQueen's University Belfast$nNorthern Ireland Official Publications Repository
=040  \\$aNiBfQU$beng$cNiBfQU$dUk
=110  1\$aNorthern Ireland.$bAccessNI,$eauthor.
=245  10$aMonthly Performance Report February 2016.
=264  \1$aNorthern Ireland :$bAccess Northern Ireland,$c2016.
=300  \\$a1 online resource.
=336  \\$atext$2rdacontent
=337  \\$acomputer$2rdamedia
=338  \\$aonline resource$2rdacarrier
=650  \7$aStatistics.$2fast$0(OCoLC)fst01132103.
=884  \\$aLDL ebooks transformation to marcxml using queens_eb2marc.xsl$g20170323$kNIOPA_2694$qUk
=859  \\$aELD$bebook
=852  \\$aBritish Library$bHMNTS$cDRT$jELD.DS.128483
=CAT  \\$aBATCH-EBKN$b00$c20170327$lBLL01$h0222
=CAT  \\$aEBKS-FXD$c20170327$lBLL01$h0225
=CAT  \\$aBATCH$b00$c20170327$lBLL01$h0226
=CAT  \\$a3391$b40$c20170405$lBLL01$h2215
=CAT  \\$a3391$b40$c20170405$lBLL01$h2216
=CAT  \\$a5100$b40$c20170406$lBLL01$h1149
=CAT  \\$aBATCH-UPD$b40$c20170406$lBLL01$h1150
=CAT  \\$aW1810-2165$c20190130$lBLL01$h1518
=CAT  \\$a14586$b40$c20190703$lBLL01$h1829
=DRT  \\$aLD-ebooks
=SRC  \\$aCollection Metadata
=STA  \\$aSUPPRESSED$bRebatched as Serial
=LAS  \\$a14586$b40$c20190703$lBLL01$h1829

