=LDR  01411 am a22003735i 4500
=001  018274756
=003  Uk
=005  20190130151900.0
=006  m\\\\||\\d\|\\\\\\
=007  cr\|||||||||||
=008  161102s2016\\\\nik|||||o||||f||||||eng|d
=FMT  \\$a  BK
=037  \\$aNIOPA_2893$bQueen's University Belfast$nNorthern Ireland Official Publications Repository
=040  \\$aNiBfQU$beng$cNiBfQU$dUk
=110  2\$aHealth and Safety Executive for Northern Ireland,$eauthor.
=245  10$aList of Subordinate Health and Safety Legislation.
=264  \1$aNorthern Ireland :$bHealth and Safety Executive for Northern Ireland,$c2016.
=300  \\$a1 online resource.
=336  \\$atext$2rdacontent
=337  \\$acomputer$2rdamedia
=338  \\$aonline resource$2rdacarrier
=650  \7$aLaw.$2fast$0(OCoLC)fst00993678.
=884  \\$aLDL ebooks transformation to marcxml using queens_eb2marc.xsl$g20170323$kNIOPA_2893$qUk
=859  \\$aELD$bebook
=852  \\$aBritish Library$bHMNTS$cDRT$jELD.DS.128563
=CAT  \\$aBATCH-EBKN$b00$c20170327$lBLL01$h0222
=CAT  \\$aEBKS-FXD$c20170327$lBLL01$h0225
=CAT  \\$aBATCH$b00$c20170327$lBLL01$h0226
=CAT  \\$a8250$b40$c20170620$lBLL01$h0856
=CAT  \\$aW1810-2165$c20190130$lBLL01$h1519
=DRT  \\$aLD-ebooks
=SRC  \\$aCollection Metadata
=STA  \\$aSUPPRESSED$bIncorrect document attached
=LAS  \\$aW1810-2165$b00$c20190130$lBLL01$h1519

