=LDR  01466cam a22004095i 4500
=001  018274765
=003  Uk
=005  20230822110331.0
=006  m\\\\||\\d\|\\\\\\
=007  cr\|||||||||||
=008  161102s2016\\\\nik|||||o||||f||||||eng|d
=FMT  \\$a  BK
=037  \\$aNIOPA_3106$bQueen's University Belfast$nNorthern Ireland Official Publications Repository
=040  \\$aNiBfQU$beng$cNiBfQU$dUk
=110  20$aInternational Fund for Ireland,$eauthor.
=245  10$aFund Focus :$bFebruary 2016.
=264  \1$aNorthern Ireland :,$c2016.
=300  \\$a1 online resource.
=336  \\$atext$2rdacontent
=337  \\$acomputer$2rdamedia
=338  \\$aonline resource$2rdacarrier
=650  \7$aCommunities.$2fast$0(OCoLC)fst01430092.
=884  \\$aLDL ebooks transformation to marcxml using queens_eb2marc.xsl$g20170323$kNIOPA_3106$qUk
=859  \\$aELD$bebook
=852  \\$aBritish Library$bHMNTS$cDRT$jELD.DS.128572
=CAT  \\$aBATCH-EBKN$b00$c20170327$lBLL01$h0222
=CAT  \\$aBATCH-UPD$b00$c20170327$lBLL01$h0222
=CAT  \\$aEBKS-FXD$c20170327$lBLL01$h0225
=CAT  \\$aBATCH$b00$c20170327$lBLL01$h0226
=CAT  \\$a3391$b40$c20170407$lBLL01$h2101
=CAT  \\$a3391$b40$c20170407$lBLL01$h2103
=CAT  \\$aW1810-2165$c20190130$lBLL01$h1519
=CAT  \\$a15190$b40$c20230822$lBLL01$h1103
=DRT  \\$aLD-ebooks
=SRC  \\$aCollection Metadata
=STA  \\$aSUPPRESSED$bRebatched as Serial
=LAS  \\$a15190$b40$c20230822$lBLL01$h1103

