=LDR  01276 am a22003615i 4500
=001  018283563
=003  Uk
=005  20190208203030.0
=006  m\\\\||\\d\|\\\\\\
=007  cr\|||||||||||
=008  170402s2017\\\\xxk|||||o\\\\||||\||eng\\
=FMT  \\$a  BK
=040  \\$aUk$beng$cUk
=245  00$aSolitaire.
=264  \1$aLondon :$bIpso Books,$c2017.
=300  \\$a1 online resource.
=336  \\$atext$2rdacontent
=337  \\$acomputer$2rdamedia
=338  \\$aonline resource$2rdacarrier
=500  \\$aKimberly, South Africa 1868: a frenzy of violence and adventure; a fever of greed and competition, of men and women obsessed with the pillage of the greatest diamond field in the world.
=720  0\$aMasterton, Graham
=859  \\$aELD$bebook
=852  \\$aBritish Library$bHMNTS$cDRT$jELD.DS.129907
=CAT  \\$aBATCH-EBKN$b00$c20170402$lBLL01$h0201
=CAT  \\$aEBKS-FXD$c20170402$lBLL01$h0207
=CAT  \\$aBATCH$b00$c20170402$lBLL01$h0207
=CAT  \\$a11279$b40$c20171017$lBLL01$h1606
=CAT  \\$a11279$b40$c20171101$lBLL01$h1616
=CAT  \\$aW1810-2163$c20190208$lBLL01$h2030
=DRT  \\$aLD-ebooks
=SRC  \\$aSubmission Portal
=STA  \\$aSUPPRESSED$bTake down request from publisher 19/10/17
=LAS  \\$aW1810-2163$b00$c20190208$lBLL01$h2030

