=LDR  01114 am a22003615i 4500
=001  018283635
=003  Uk
=005  20190208203031.0
=006  m\\\\||\\d\|\\\\\\
=007  cr\|||||||||||
=008  170403s2017\\\\xxk|||||o\\\\||||\||eng\\
=FMT  \\$a  BK
=020  \\$a9781910045503
=040  \\$aUk$beng$cUk
=245  00$aWorld Oilfield Equipment Market Forecast 2017-2021 :$bQ1 March 2017.
=250  \\$a3
=264  \1$aLondon :$bDouglas-Westwood,$c2017.
=300  \\$a1 online resource.
=336  \\$atext$2rdacontent
=337  \\$acomputer$2rdamedia
=338  \\$aonline resource$2rdacarrier
=720  0\$aDouglas-Westwood
=859  \\$aELD$bebook
=852  \\$aBritish Library$bHMNTS$cDRT$jELD.DS.129979
=CAT  \\$aBATCH-EBKN$b00$c20170403$lBLL01$h0200
=CAT  \\$aEBKS-FXD$c20170403$lBLL01$h0203
=CAT  \\$aBATCH$b00$c20170403$lBLL01$h0203
=CAT  \\$a15005$b40$c20180615$lBLL01$h0905
=CAT  \\$aW1810-2163$c20190208$lBLL01$h2030
=DRT  \\$aLD-ebooks
=SRC  \\$aSubmission Portal
=STA  \\$aSUPPRESSED$bRebatched as Serial
=LAS  \\$aW1810-2163$b00$c20190208$lBLL01$h2030

