=LDR  01437 am a22003735i 4500
=001  018294959
=003  Uk
=005  20190130151905.0
=006  m\\\\||\\d\|\\\\\\
=007  cr\|||||||||||
=008  170201s2016\\\\nik|||||o||||f||||||eng|d
=FMT  \\$a  BK
=037  \\$aNIOPA_3535$bQueen's University Belfast$nNorthern Ireland Official Publications Repository
=040  \\$aNiBfQU$beng$cNiBfQU$dUk
=110  1\$aNorthern Ireland.$bDepartment of Health,$eauthor.
=245  10$aImproving and Safeguarding Social Wellbeing :$bA Strategy for Social Work 2012-2022, Governance System for Stage 2 Delivery.
=264  \1$aNorthern Ireland :,$c2016.
=300  \\$a1 online resource.
=336  \\$atext$2rdacontent
=337  \\$acomputer$2rdamedia
=338  \\$aonline resource$2rdacarrier
=650  \7$aSocial service.$2fast$0(OCoLC)fst01123192.
=884  \\$aLDL ebooks transformation to marcxml using queens_eb2marc.xsl$g20170405$kNIOPA_3535$qUk
=859  \\$aELD$bebook
=852  \\$aBritish Library$bHMNTS$cDRT$jELD.DS.132428
=CAT  \\$aBATCH-EBKN$b00$c20170408$lBLL01$h0227
=CAT  \\$aEBKS-FXD$c20170408$lBLL01$h0231
=CAT  \\$aBATCH$b00$c20170408$lBLL01$h0231
=CAT  \\$a8250$b40$c20170620$lBLL01$h0904
=CAT  \\$aW1810-2165$c20190130$lBLL01$h1519
=DRT  \\$aLD-ebooks
=SRC  \\$aCollection Metadata
=STA  \\$aSUPPRESSED$bIncorrect document attached
=LAS  \\$aW1810-2165$b00$c20190130$lBLL01$h1519

