=LDR  01240 am a22003495i 4500
=001  018295042
=003  Uk
=005  20190208203102.0
=006  m\\\\||\\d\|\\\\\\
=007  cr\|||||||||||
=008  170408s2014\\\\xxk|||||o\\\\||||\||eng\\
=FMT  \\$a  BK
=040  \\$aUk$beng$cUk
=245  00$aGiving to Excellence :$bGenerating Philanthropic Support for UK Higher Education : Ross-CASE Report 2013-14.
=264  \1$aLondon :$bNatCen Social Research,$c[2014].
=300  \\$a1 online resource.
=336  \\$atext$2rdacontent
=337  \\$acomputer$2rdamedia
=338  \\$aonline resource$2rdacarrier
=500  \\$aFindings from data collected in the Ross-CASE Survey 2013-14
=720  0\$aGriggs, Julia; Sharman, Stephen; Speight, Svetlana; Jain, Yashraj
=859  \\$aELD$bebook
=852  \\$aBritish Library$bHMNTS$cDRT$jELD.DS.132511
=CAT  \\$aBATCH-EBKN$b00$c20170408$lBLL01$h0227
=CAT  \\$aEBKS-FXD$c20170408$lBLL01$h0231
=CAT  \\$aBATCH$b00$c20170408$lBLL01$h0231
=CAT  \\$a10983$b40$c20180510$lBLL01$h1220
=CAT  \\$aW1810-2163$c20190208$lBLL01$h2031
=DRT  \\$aLD-ebooks
=SRC  \\$aSubmission Portal
=STA  \\$aSUPPRESSED$bRebatched as Serial
=LAS  \\$aW1810-2163$b00$c20190208$lBLL01$h2031

