=LDR  01243 am a22003375i 4500
=001  018295045
=003  Uk
=005  20190208203102.0
=006  m\\\\||\\d\|\\\\\\
=007  cr\|||||||||||
=008  170408s2016\\\\xxk|||||o\\\\||||\||eng\\
=FMT  \\$a  BK
=040  \\$aUk$beng$cUk
=245  00$aGiving to Excellence :$bGenerating Philanthropic Support for UK Higher Education : ROSS-CASE REPORT 2016.
=264  \1$a[London] :$bCASE (Council for Advancement and Support of Education),$c2016.
=300  \\$a1 online resource.
=336  \\$atext$2rdacontent
=337  \\$acomputer$2rdamedia
=338  \\$aonline resource$2rdacarrier
=500  \\$aFindings from data collected for 2012-13, 2013-14 and 2014-15 Data was collected from October 2015 to December 2015
=859  \\$aELD$bebook
=852  \\$aBritish Library$bHMNTS$cDRT$jELD.DS.132514
=CAT  \\$aBATCH-EBKN$b00$c20170408$lBLL01$h0227
=CAT  \\$aEBKS-FXD$c20170408$lBLL01$h0231
=CAT  \\$aBATCH$b00$c20170408$lBLL01$h0231
=CAT  \\$a10983$b40$c20180510$lBLL01$h1219
=CAT  \\$aW1810-2163$c20190208$lBLL01$h2031
=DRT  \\$aLD-ebooks
=SRC  \\$aSubmission Portal
=STA  \\$aSUPPRESSED$bRebatched as Serial
=LAS  \\$aW1810-2163$b00$c20190208$lBLL01$h2031

