=LDR  01506cam a22003855i 4500
=001  018321820
=003  Uk
=005  20230626132024.0
=006  m\\\\||\\d\|\\\\\\
=007  cr\|||||||||||
=008  170301s2016\\\\nik|||||o||||f||||||eng|d
=FMT  \\$a  BK
=037  \\$aNIOPA_4133$bQueen's University Belfast$nNorthern Ireland Official Publications Repository
=040  \\$aNiBfQU$beng$cNiBfQU$dUk
=110  2\$aCharity Commission for Northern Ireland,$eauthor.
=245  10$aStatutory inquiry report :$bDisabled Police Officers' Association Northern Ireland (DPOANI) - interim report.
=264  \1$aNorthern Ireland :$bThe Charity Commission for Northern Ireland,$c2016.
=300  \\$a1 online resource.
=336  \\$atext$2rdacontent
=337  \\$acomputer$2rdamedia
=338  \\$aonline resource$2rdacarrier
=650  \7$aCharities.$2fast$0(OCoLC)fst00852404.
=884  \\$aLDL ebooks transformation to marcxml using queens_eb2marc.xsl$g20170421$kNIOPA_4133$qUk
=859  \\$aELD$bebook
=852  \\$aBritish Library$bHMNTS$cDRT$jELD.DS.134554
=CAT  \\$aBATCH-EBKN$b00$c20170501$lBLL01$h0202
=CAT  \\$aEBKS-FXD$c20170501$lBLL01$h0210
=CAT  \\$aBATCH$b00$c20170501$lBLL01$h0211
=CAT  \\$a3391$b40$c20170509$lBLL01$h1232
=CAT  \\$aW1810-2165$c20190130$lBLL01$h1519
=CAT  \\$a10983$b40$c20230626$lBLL01$h1320
=DRT  \\$aLD-ebooks
=SRC  \\$aCollection Metadata
=STA  \\$aSUPPRESSED$bNotice and Takedown Request
=LAS  \\$a10983$b40$c20230626$lBLL01$h1320

