=LDR  01350 am a22003735i 4500
=001  018321821
=003  Uk
=005  20190130151909.0
=006  m\\\\||\\d\|\\\\\\
=007  cr\|||||||||||
=008  170301s2016\\\\nik|||||o||||f||||||eng|d
=FMT  \\$a  BK
=037  \\$aNIOPA_4047$bQueen's University Belfast$nNorthern Ireland Official Publications Repository
=040  \\$aNiBfQU$beng$cNiBfQU$dUk
=110  2\$aNorthern Ireland Museums Council,$eauthor.
=245  10$aMapping Trends in Northern Ireland's Local Museums.
=264  \1$aNorthern Ireland :,$c2016.
=300  \\$a1 online resource.
=336  \\$atext$2rdacontent
=337  \\$acomputer$2rdamedia
=338  \\$aonline resource$2rdacarrier
=650  \7$aMuseums.$2fast$0(OCoLC)fst01030128.
=884  \\$aLDL ebooks transformation to marcxml using queens_eb2marc.xsl$g20170421$kNIOPA_4047$qUk
=859  \\$aELD$bebook
=852  \\$aBritish Library$bHMNTS$cDRT$jELD.DS.134555
=CAT  \\$aBATCH-EBKN$b00$c20170501$lBLL01$h0202
=CAT  \\$aEBKS-FXD$c20170501$lBLL01$h0210
=CAT  \\$aBATCH$b00$c20170501$lBLL01$h0211
=CAT  \\$a8250$b40$c20170620$lBLL01$h0906
=CAT  \\$aW1810-2165$c20190130$lBLL01$h1519
=DRT  \\$aLD-ebooks
=SRC  \\$aCollection Metadata
=STA  \\$aSUPPRESSED$bIncorrect document attached
=LAS  \\$aW1810-2165$b00$c20190130$lBLL01$h1519

