=LDR  06932cam a2200601 i 4500
=001  018347263
=003  Uk
=005  20220110183312.0
=006  m\\\\||\\d\|\\\\\\
=007  cr\|||||||||||
=008  170516s2017\\\\ii\a|||fo\\\\||||\||eng\\
=FMT  \\$a  BK
=015  \\$aGBB9B4557$2bnb
=020  \\$a9788131249642$qPDF
=020  \\$a8131249646$qPDF
=020  \\$z9788131244715$qadaptation
=037  \\$a9788131249642$bIngram Content Group
=040  \\$aUk$beng$cUk$erda
=042  \\$aukblcatcopy
=082  00$a610.73076$223
=100  1\$aSilvestri, Linda Anne,$eauthor.
=245  10$aSaunders comprehensive review for the NCLEX-RN examination /$cLinda Anne Silvestri ; adaptation editor Annu Kaushik.
=246  30$aComprehensive review for the NCLEX-RN examination
=250  \\$aSecond South Asia edition.
=264  \1$aNew Delhi :$bElsevier,$c[2017]
=300  \\$a1 online resource (xvi, 1189 pages) :$billustrations
=336  \\$atext$2rdacontent
=337  \\$acomputer$2rdamedia
=338  \\$aonline resource$2rdacarrier
=505  0\$a<p>UNIT I</p> <p>NCLEX-RN® Exam Preparation, 1</p> <p>1 The NCLEX-RN® Examination, 2</p> <p>2 Pathways to Success, 14</p> <p>3 The NCLEX-RN® Examination from</p> <p>a Graduate's Perspective, 18</p> <p>4 Test-Taking Strategies, 20</p><b> <p>UNIT II</p> <p>Professional Standards in Nursing, 30</p></b> <p>5 Cultural Awareness and Health Practices, 32</p> <p>6 Ethical and Legal Issues, 44</p> <p>7 Prioritizing Client Care: Leadership, Delegation, and Emergency Response Planning, 59</p><b> <p>UNIT III</p> <p>Nursing Sciences, 76</p></b> <p>8 Fluids and Electrolytes, 78</p> <p>9 Acid-Base Balance, 97</p> <p>10 Vital Signs and Laboratory Reference Intervals, 108</p> <p>11 Nutrition, 124</p> <p>12 Parenteral Nutrition, 134</p> <p>13 Intravenous Therapy, 144</p> <p>14 Administration of Blood Products, 158</p><b> <p>UNIT IV</p> <p>Fundamentals of Care, 169</p></b> <p>15 Health and Physical Assessment of the Adult Client, 171</p> <p>16 Provision of a Safe Environment, 192</p> <p>17 Calculation of Medication and Intravenous Prescriptions, 204</p> <p>18 Perioperative Nursing Care, 215</p> <p>19 Positioning Clients, 230</p> <p>20 Care of a Client with a Tube, 239</p><b> <p>UNIT V</p> <p>Growth and Development Across the</p> <p>Life Span, 255</p></b> <p>21 Theories of Growth and Development, 257</p> <p>22 Developmental Stages, 265</p> <p>23 Care of the Older Client, 281</p><b> <p>UNIT VI</p> <p>Maternity Nursing, 289</p></b> <p>24 Reproductive System, 291</p> <p>25 Prenatal Period, 299</p> <p>26 Risk Conditions Related to Pregnancy, 314</p> <p>27 Labor and Birth, 332</p> <p>28 Problems with Labor and Birth, 346</p> <p>29 Postpartum Period, 356</p> <p>30 Postpartum Complications, 364</p> <p>31 Care of the Newborn, 372</p> <p>32 Maternity and Newborn Medications, 393</p><b> <p>UNIT VII</p> <p>Pediatric Nursing, 403</p></b> <p>33 Integumentary Disorders, 404</p> <p>34 Hematological Disorders, 411</p> <p>35 Oncological Disorders, 419</p> <p>36 Metabolic and Endocrine Disorders, 430</p> <p>37 Gastrointestinal Disorders, 439</p> <p>38 Eye, Ear, and Throat Disorders, 457</p> <p>39 Respiratory Disorders, 463</p> <p>40 Cardiovascular Disorders, 479</p> <p>41 Renal and Urinary Disorders, 491</p> <p>42 Neurological and Cognitive Disorders, 499</p> <p>43 Musculoskeletal Disorders, 511</p> <p>44 Infectious and Communicable Diseases, 520</p> <p>45 Pediatric Medication Administration and Calculations, 536</p><b> <p>UNIT VIII</p> <p>Integumentary Disorders of the Adult</p> <p>Client, 543</p></b> <p>46 Integumentary System, 544</p> <p>47 Integumentary Medications, 569</p><b> <p>UNIT IX</p> <p>Hematological and Oncological</p> <p>Disorders of the Adult Client, 578</p></b> <p>48 Hematological and Oncological Disorders, 580</p> <p>49 Hematological and Oncological Medications, 614</p><b> <p>UNIT X</p> <p>Endocrine Disorders of the Adult</p> <p>Client, 625</p></b> <p>50 Endocrine System, 626</p> <p>51 Endocrine Medications, 653</p><b> <p>UNIT XI</p> <p>Gastrointestinal Disorders of the</p> <p>Adult Client, 669</p></b> <p>52 Gastrointestinal System, 671</p> <p>53 Gastrointestinal Medications, 698</p><b> <p>UNIT XII</p> <p>Respiratory Disorders of the Adult</p> <p>Client, 706</p></b> <p>54 Respiratory System, 708</p> <p>55 Respiratory Medications, 737</p><b> <p>UNIT XIII</p> <p>Cardiovascular Disorders of the</p> <p>Adult Client, 754</p></b> <p>56 Cardiovascular System, 755</p> <p>57 Cardiovascular Medications, 797</p><b> <p>UNIT XIV</p> <p>Renal and Urinary Disorders of the</p> <p>Adult Client, 815</p></b> <p>58 Renal and Urinary System, 817</p> <p>59 Renal and Urinary Medications, 850</p><b> <p>UNIT XV</p> <p>Eye and Ear Disorders of the Adult</p> <p>Client, 860</p></b> <p>60 The Eye and the Ear, 861</p> <p>61 Eye and Ear Medications, 882</p><b> <p>UNIT XVI</p> <p>Neurological Disorders of the Adult</p> <p>Client, 892</p></b> <p>62 Neurological System, 893</p> <p>63 Neurological Medications, 923</p><b> <p>UNIT XVII</p> <p>Musculoskeletal Disorders of the</p> <p>Adult Client, 936</p></b> <p>64 Musculoskeletal System, 937</p> <p>65 Musculoskeletal Medications, 958</p><b> <p>UNIT XVIII</p> <p>Immune Disorders of the Adult</p> <p>Client, 965</p></b> <p>66 Immune Disorders, 966</p> <p>67 Immunological Medications, 980</p><b> <p>UNIT XIX</p> <p>Mental Health Disorders of the Adult</p> <p>Client, 987</p></b> <p>68 Foundations of Psychiatric Mental Health Nursing, 988</p> <p>69 Mental Health Disorders, 1000</p> <p>70 Addictions, 1019</p> <p>71 Crisis Theory and Intervention, 1030</p> <p>72 Psychiatric Medications, 1043</p><b> <p>UNIT XX</p> <p>Comprehensive Test, 1056</p></b> <p>References, 1079</p> <p>Glossary, 1081</p> <p>Index, 1090</p> <p>Priority Nursing Action List, Back of Inside Cover</p>
=650  \0$aNational Council Licensure Examination for Registered Nurses$vStudy guides.
=650  \0$aNurses$xLicenses$zUnited States$xExaminations$vStudy guides.
=650  \0$aNursing$vExaminations, questions, etc.
=650  \7$aNational Council Licensure Examination for Registered Nurses.$2fast$0(OCoLC)fst01200797
=650  \7$aNursing.$2fast$0(OCoLC)fst01041731
=651  \7$aUnited States.$2fast$0(OCoLC)fst01204155
=700  1\$aKaushik, Annu,$eeditor.
=859  \\$aELD$bebook
=852  \\$aBritish Library$bHMNTS$cDRT$jELD.DS.137513
=985  \\$a700=NEW
=CAT  \\$aBATCH-EBKN$b00$c20170520$lBLL01$h0226
=CAT  \\$aEBKS-FXD$c20170520$lBLL01$h0232
=CAT  \\$aBATCH$b00$c20170520$lBLL01$h0232
=CAT  \\$aW1810-2163$c20190208$lBLL01$h2031
=CAT  \\$a10883$b40$c20190701$lBLL01$h1324
=CAT  \\$a7183$b40$c20220110$lBLL01$h1833
=FIN  \\$aY$d20190701
=DRT  \\$aLD-ebooks
=SRC  \\$aIngrams
=STA  \\$aSUPPRESSED$bE-content not eligible for Non-Print Legal Deposit
=ONX  \\$aIN
=ONS  \7$aMED$x058210$2bisacsh
=LAS  \\$a7183$b40$c20220110$lBLL01$h1833

