=LDR  01079 am a22003375i 4500
=001  018399544
=003  Uk
=005  20190208203254.0
=006  m\\\\||\\d\|\\\\\\
=007  cr\|||||||||||
=008  170630s2017\\\\xxk|||||o\\\\||||\||eng\\
=FMT  \\$a  BK
=040  \\$aUk$beng$cUk
=245  00$aSecular Stagnation to Cyclical Acceleration.
=264  \1$aSutton :$bCrown Agents Investment Management,$c2017.
=300  \\$a1 online resource.
=336  \\$atext$2rdacontent
=337  \\$acomputer$2rdamedia
=338  \\$aonline resource$2rdacarrier
=500  \\$a2017 Macro Economic & Market Outlook
=859  \\$aELD$bebook
=852  \\$aBritish Library$bHMNTS$cDRT$jELD.DS.150846
=CAT  \\$aBATCH-EBKN$b00$c20170630$lBLL01$h0233
=CAT  \\$aEBKS-FXD$c20170630$lBLL01$h0238
=CAT  \\$aBATCH$b00$c20170630$lBLL01$h0239
=CAT  \\$a8311$b40$c20180510$lBLL01$h1134
=CAT  \\$aW1810-2163$c20190208$lBLL01$h2032
=DRT  \\$aLD-ebooks
=SRC  \\$aSubmission Portal
=STA  \\$aSUPPRESSED$bRebatched as Serial
=LAS  \\$aW1810-2163$b00$c20190208$lBLL01$h2032

