=LDR  01066 am a22003255i 4500
=001  018399552
=003  Uk
=005  20210616123023.0
=006  m\\\\||\\d\|\\\\\\
=007  cr\|||||||||||
=008  170630s2012\\\\xxk|||||o\\\\||||\||eng\\
=FMT  \\$a  BK
=040  \\$aUk$beng$cUk
=245  00$aThe Mandate :$bA mandate from the Government to the NHS Commissioning Board: April 2013 to March 2015.
=264  \1$aLondon :$bDepartment of Health,$c2012.
=300  \\$a1 online resource.
=336  \\$atext$2rdacontent
=337  \\$acomputer$2rdamedia
=338  \\$aonline resource$2rdacarrier
=859  \\$aELD$bebook
=852  \\$aBritish Library$bHMNTS$cDRT$jELD.DS.150854
=CAT  \\$aBATCH-EBKN$b00$c20170630$lBLL01$h0233
=CAT  \\$aEBKS-FXD$c20170630$lBLL01$h0238
=CAT  \\$aBATCH$b00$c20170630$lBLL01$h0239
=CAT  \\$aW1810-2163$c20190208$lBLL01$h2032
=CAT  \\$a14412$b40$c20210616$lBLL01$h1230
=DRT  \\$aLD-ebooks
=SRC  \\$aSubmission Portal
=STA  \\$aSUPPRESSED$bRebatched as Serial
=LAS  \\$a14412$b40$c20210616$lBLL01$h1230

