=LDR  02360aam a22006851i 4500
=001  018441232
=003  Uk
=005  20190218123302.0
=006  m\\\\||\\d\|\\\\\\
=007  cr\|||||||||||
=008  170608s2017\\\\enka\\\\o\\\\\000\0\eng\d
=FMT  \\$a  BK
=015  \\$aGBB7D4530$2bnb
=020  \\$a9781526113504 (ePub ebook)
=020  \\$a1526113503 (ePub ebook)
=020  \\$z9781526113474 (hbk.)
=020  \\$a9781526113498 (PDF ebook)
=020  \\$a152611349X (PDF ebook)
=037  \\$a9781526113498$bIngram Content Group
=040  \\$aNLE$beng$cNLE$dUk$erda$epn
=042  \\$aukblsr
=082  04$a613.094109031$223
=245  00$aConserving health in early modern culture :$bbodies and environments in Italy and England /$cedited by Sandra Cavallo, Tessa Storey.
=264  \1$aManchester :$bManchester University Press,$c2017.
=300  \\$a1 online resource :$billustrations (black and white, and colour).
=336  \\$atext$2rdacontent
=337  \\$acomputer$2rdamedia
=338  \\$aonline resource$2rdacarrier
=490  0\$aSocial histories of medicine
=588  \\$aDescription based on CIP data; resource not viewed.
=650  \0$aHealth$xHistory$y16th century.
=651  \0$aGreat Britain$xSocial conditions$y16th century.
=651  \0$aItaly$xSocial conditions$y16th century.
=700  1\$aCavallo, Sandra,$eeditor.
=700  1\$aStorey, Tessa,$eeditor.
=700  1\$aAstbury, Leah,$eauthor.
=700  1\$aNewton, Hannah,$eauthor.
=859  \\$aELD$bebook
=889  \\$a(OCoLC)992562004
=852  \\$aBritish Library$bHMNTS$cDRT$jELD.DS.164593
=BUF  1\$aN$d20170807
=CAT  \\$aBATCH-EBKN$b00$c20170727$lBLL01$h0236
=CAT  \\$aEBKS-FXD$c20170727$lBLL01$h0241
=CAT  \\$aBATCH$b00$c20170727$lBLL01$h0241
=CAT  \\$aBATCH-UPEB$b00$c20170807$lBLL01$h1700
=CAT  \\$aBATCH-UPD$b00$c20170807$lBLL01$h1703
=CAT  \\$a8250$b40$c20190218$lBLL01$h1233
=FIN  \\$aY$d20170807
=DRT  \\$aLD-ebooks
=SRC  \\$aIngrams
=STA  \\$aSUPPRESSED$bDuplicate
=ONS  \7$aHIS$x015000$2bisacsh
=ONS  \7$aHIS$b020000$2bisacsh
=ONS  \7$aMED$b039000$2bisacsh
=ONS  \7$aHIS$b037050$2bisacsh
=ONS  \\$a1DST$2BIC Geographical qualifier
=ONS  \7$aHBTB$2bicssc
=ONS  \7$aHBLH$2bicssc
=ONS  \7$aMBX$2bicssc
=LAS  \\$a8250$b40$c20190218$lBLL01$h1233

