=LDR  01703pam a22004451i 4500
=001  016491447
=003  Uk
=005  20170921023433.0
=006  m\\\\||\\d\|\\\\\\
=007  cr\|||||||||||
=008  130905s2012\\\\enk\\\\\o\\\\\0|0\0|eng\\
=FMT  \\$a  BK
=020  \\$z9781906924713 (hbk.)
=020  \\$z9781906924706 (pbk.)
=020  \\$z9781906924737 (epub)
=020  \\$z9781906924720 (pdf.)
=020  \\$z978-1-906924-74-4 (mobi)
=040  \\$aUk$beng$cUk$dUk$erda
=245  \0$aORAL LITERATURE IN AFRICA.
=264  \1$aCambridge :$bOpen Books Publishers,$c2012.
=300  \\$a1 online resource.
=336  \\$atext$2rdacontent
=337  \\$acomputer$2rdamedia
=338  \\$aonline resource$2rdacarrier
=490  0\$aWorld Oral Literature Series :$vVolume 1
=500  \\$aRuth Finnegan's book was first published in 1970, and has been widely praised as one of the most important books in its field. This revised edition makes Finnegan's ground-breaking research available to the next generation of scholars.
=859  \\$aELD$bebook
=852  \\$aBritish Library$bHMNTS$cDRT$jELD.DS.189066
=CAT  \\$a10983$b40$c20130905$lBLL01$h1409
=CAT  \\$aWR14.047$c20140417$lBLL01$h1646
=CAT  \\$aW1611-0868$c20161114$lBLL01$h1415
=CAT  \\$aBATCH-EBKO$b00$c20170921$lBLL01$h0231
=CAT  \\$aEBKS-FXD$c20170921$lBLL01$h0234
=CAT  \\$aBATCH$b00$c20170921$lBLL01$h0234
=CAT  \\$aBATCH$b00$c20170921$lBLL01$h0235
=CAT  \\$aBATCH-UPD$b00$c20170921$lBLL01$h0235
=CAT  \\$aW1711-1225$c20171203$lBLL01$h1054
=DRT  \\$aLD-ebooks
=STA  \\$aSUPPRESSED$bunable to determine reason for suppression
=LAS  \\$aW1711-1225$b00$c20171203$lBLL01$h1054

