=LDR  01522 am a22004455i 4500
=001  016687718
=003  Uk
=005  20190311140433.0
=006  m\\\\||\\d\|\\\\\\
=007  cr\|||||||||||
=008  140407s2014\\\\xxk|||||o\\\\||||\||eng\\
=FMT  \\$a  BK
=020  \\$a9781472220486$qEPUB
=020  \\$a147222048X$qEPUB
=037  \\$a9781472220486$bIngram Content Group
=040  \\$aUk$beng$cUk
=100  1\$aHeadline$eauthor
=245  10$aEternally Yours: Our Gift Of Romance To You (Headline Eternal Free Sampler) :$b(Headline Eternal Free Sampler) /$cHeadline.
=264  \1$aLondon :$bHeadline Eternal,$c2014.
=300  \\$a1 online resource (272 pages).
=336  \\$atext$2rdacontent
=337  \\$acomputer$2rdamedia
=338  \\$aonline resource$2rdacarrier
=859  \\$aELD$bebook
=852  \\$aBritish Library$bHMNTS$cDRT$jELD.DS.78
=CAT  \\$aBATCH-EBKN$b00$c20140414$lBLL01$h1652
=CAT  \\$aEBKS-FXD$c20140414$lBLL01$h1730
=CAT  \\$aBATCH$b00$c20140414$lBLL01$h1730
=CAT  \\$aWR13.144/5$c20140418$lBLL01$h1054
=CAT  \\$aWR14_166$c20141128$lBLL01$h1902
=CAT  \\$a7164$b40$c20151110$lBLL01$h1110
=CAT  \\$aW1810-2163$c20190208$lBLL01$h2011
=CAT  \\$a11279$b40$c20190305$lBLL01$h0920
=CAT  \\$a11279$b40$c20190311$lBLL01$h1404
=DRT  \\$aLD-ebooks
=SRC  \\$aIngrams
=STA  \\$aSUPPRESSED$bPromotional sample, not available to the public
=ONS  \7$aFIC$b027000$2bisacsh
=ONS  \7$aFR$2bicssc
=LAS  \\$a11279$b40$c20190311$lBLL01$h1404

