=LDR  02718 am a22005175i 4500
=001  016687751
=003  Uk
=005  20190208201145.0
=006  m\\\\||\\d\|\\\\\\
=007  cr\|||||||||||
=008  140407s2014\\\\xxk|||||o\\\\||||\||eng\\
=FMT  \\$a  BK
=020  \\$a9781444133844$qEPUB
=020  \\$a1444133845$qEPUB
=037  \\$a9781444133844$bIngram Content Group
=040  \\$aUk$beng$cUk
=100  1\$aBetts, Gavin,$eauthor.
=245  10$aComplete Latin: Teach Yourself /$cGavin Betts.
=264  \1$aLondon :$bTeach Yourself,$c2014.
=300  \\$a1 online resource (416 pages).
=336  \\$atext$2rdacontent
=337  \\$acomputer$2rdamedia
=338  \\$aonline resource$2rdacarrier
=490  1\$aComplete Languages
=505  0\$a<p>Introduction - How to use this book; The pronunciation of Latin; Glossary of grammatical terms; Abbreviations<br />Units 01 - 31 Grammatical structures, Latin reading; Vocabulary; Extra reading<br />Appendices - Table of regular verbs; Table of mixed conjugation; Table of deponent verbs; Table of irregular verbs; Classification of verbs with irregular principal parts; Numerals<br />Key to Latin reading exercises<br />Vocabulary<br />Index</p>
=859  \\$aELD$bebook
=852  \\$aBritish Library$bHMNTS$cDRT$jELD.DS.111$qImperfect: ebook display problem.
=CAT  \\$aBATCH-EBKN$b00$c20140414$lBLL01$h1652
=CAT  \\$aEBKS-FXD$c20140414$lBLL01$h1730
=CAT  \\$aBATCH$b00$c20140414$lBLL01$h1730
=CAT  \\$aWR13.144/5$c20140418$lBLL01$h1054
=CAT  \\$aWR14_166$c20141128$lBLL01$h1902
=CAT  \\$aBATCH-UPD$b00$c20141128$lBLL01$h1902
=CAT  \\$a11279$b40$c20151112$lBLL01$h1310
=CAT  \\$aBATCH-UPD$b40$c20160903$lBLL01$h1730
=CAT  \\$aW1810-2163$c20190208$lBLL01$h2011
=DRT  \\$aLD-ebooks
=SRC  \\$aIngrams
=STA  \\$aSUPPRESSED$bE-content not adequate for display
=ONS  \7$aFOR$b016000$2bisacsh
=ONS  \7$aCJBT$2bicssc
=ONS  \7$aCJBG$2bicssc
=ONS  \7$aCJCR$2bicssc
=ONS  \7$aCJCW$2bicssc
=ONS  \\$tLatin ; language course ; Rome ; holiday ; travel ; phrasebook ; accessible ; easy ; excellent ; quick ; progress ; course ; business ; student ; casual learner ; how to learn Latin ; authentic ; comprehension ; confident communication ; advanced ; beginner ; Enhanced e-book ; Touch and Listen ; Teach Yourself ; weekend away ; vocabulary ; verbs ; pronunciation ; audio ; speak ; understand ; study ; language ; culture ; adventure ; dictionary ; Roman Empire ; Ancient Rome ; dead language ; Renaissance ; Romance languages ; Vatican City ; Cicero ; Virgil ; Roman mythology ; gladiators ; practical$2Subject Keywords
=LAS  \\$aW1810-2163$b00$c20190208$lBLL01$h2011

