=LDR  08975aam a22008051i 4500
=001  016844210
=003  Uk
=005  20220221170124.0
=006  m\\\\||\\d\|\\\\\\
=007  cr\|||||||||||
=008  140724s2012\\\\xxk\\\\go\\\\\000\0\eng\d
=FMT  \\$a  BK
=015  \\$aGBC226336$2bnb
=020  \\$a1849657688$q(PDF)
=020  \\$a9781849657686$q(PDF)
=020  \\$a1849656959
=020  \\$a9781849656955
=037  \\$aciceronepress9781849656955$bIngram Content Group
=040  \\$aNLE$beng$cNLE$dIDEBK$dOCLCQ$dYDX$dOCLCQ$dEBLCP$dUKAHL$dNLW$dOCLCO$dOCLCF$dOCLCQ$dUk$erda$epn
=042  \\$aukblsr
=082  04$a796.5$223
=100  1\$aJohnson, Brian,$eauthor.
=245  10$aWalking the Corbetts Vol 1 South of the Great Glen /$cBrian Johnson.
=264  \1$aMilnthorpe :$bCicerone Press,$c2012.
=300  \\$a1 online resource (352 pages).
=336  \\$atext$2rdacontent
=337  \\$acomputer$2rdamedia
=338  \\$aonline resource$2rdacarrier
=500  \\$aBeinn nam Fuaran and Beinn a' Chaisteil6 The Southern GrampiansRoute 32 Beinn nan ImireanRoute 33 Meall nan SubhRoute 34 Sron a' Choire Chnapanich and Meall BuidheRoute 35 Beinn nan OighreagRoute 36 Meall nam MaigheachRoute 37 Cam ChreagRoute 38 Beinn DeargRoute 39 Creagan na Beinne7 The Western GrampiansRoute 40 Creach BheinnRoute 41 FraochaidhRoute 42 Meall LighicheRoute 43 Beinn TrilleachanRoute 44 Stob DubhRoute 45 Beinn Maol ChaluimRoute 46 Beinn Mhic ChasgaigRoute 47 Beinn a' ChrulaisteRoute 48 Garbh BheinnRoute 49 Mam na GualainnRoute 50 Glas Bheinn8 The Central GrampiansRoute 51 Leum UilleimRoute 52 Meall na Meoig of Beinn PharlagainRoute 53 Stob an Aonaich MhoirRoute 54 Beinn a' ChuallaichRoute 55 Meall Tairneachan and Farragon HillRoute 56 Ben VrackieRoute 57 Ben VuirichRoute 58 Beinn MheadhonachRoute 59 Beinn BhreacRoute 60 An Dun and Maol Creag an Loch (A' Chaoirnich)Route 61 Meall na.
=500  \\$aCaisteal Abhail and Cir MhorRoute 10 Beinn an Oir3 West of Loch Lomond (Arrochar Alps)Route 11 Beinn BheulaRoute 12 Ben Donich and The BrackRoute 13 The CobblerRoute 14 Beinn LuibheanRoute 15 Beinn an LochainRoute 16 Stob Coire Creagach (Binnein an Fhidhleir)Route 17 Meall an Fhudair4 East of Loch Lomond (The Trossachs)Route 18 Beinn a' ChoinRoute 19 Ben Ledi and BenvaneRoute 20 Beinn EachRoute 21 Stob a' ChoinRoute 22 Stob Fear-tomhaisRoute 23 Meall an t-Seallaidh and Creag MacRanaichRoute 24 Meall na FearnaRoute 25 Creag UchdagRoute 26 Auchnafree Hill5 South-West GrampiansRoute 27 Beinn a' BhuiridhRoute 28 Beinn Mhic MhonaidhRoute 29 Beinn Udlaidh and Beinn Bhreac-liathRoute 30 Beinn ChuirnRoute 31 Beinn Odhar, Beinn Chaorach, Cam Chreag,
=500  \\$aLeitreachRoute 62 Beinn MholachRoute 63 The Sow of AthollRoute 64 The Fara9 BadenochRoute 65 Sgurr Innse and Cruach InnseRoute 66 Beinn IaruinnRoute 67 Carn Dearg (Glen Roy)Route 68 Carn Dearg (N of Gleann Eachach) and Carn Dearg (S of Gleann Eachach)Route 69 Carn a' ChuillinnRoute 70 GairbeinnRoute 71 Meall na h-AisreRoute 72 Carn an FhreiceadainRoute 73 Meallach MhorRoute 74 Leathad an Taobhain and Carn Dearg Mor10 The Southern CairngormsRoute 75 Mount BattockRoute 76 Ben TirranRoute 77 MonamenachRoute 78 Ben GulabinRoute 79 Creag nan GabharRoute 80 MorroneRoute 81 Sgor MorRoute 82 Carn na DrochaideRoute 83 Carn Liath and CulardochRoute 84 ConachcraigRoute 85 Morven11 The Northern CairngormsRoute 86 Brown Cow HillRoute 87 Carn EalasaidRoute 88 Carn MorRoute 89 Corryhabbie HillRoute 90 Ben RinnesRoute 91 Geal CharnRoute 92 Meall a'BhuachailleRoute 93 Creag MhorRoute 94 Geal-charn.
=500  \\$aMorRoute 95 Carn na SaobhaidheAppendix A Alphabetical list of the CorbettsAppendix B Useful information.
=500  \\$aPrefaceOverview mapsMap keyIntroductionWhat are the Corbetts?GeologyHuman history in the HighlandsThe natural environmentWalking the CorbettsWhen to goThe terrainWeatherAccess Mountain bothiesNavigation SafetyAreas in this guideUsing this guide1 The Southern UplandsRoute 1 MerrickRoute 2 Shalloch on MinnochRoute 3 CorserineRoute 4 Cairnsmore of CarsphairnRoute 5 Hart FellRoute 6 White CoombRoute 7 Broad Law2 Arran and JuraRoute 8 GoatfellRoute 9 Beinn Tarsuinn,
=505  0\$aPrefaceOverview mapsMap keyIntroductionWhat are the Corbetts?GeologyHuman history in the HighlandsThe natural environmentWalking the CorbettsWhen to goThe terrainWeatherAccess Mountain bothiesNavigation SafetyAreas in this guideUsing this guide1 The Southern UplandsRoute 1 MerrickRoute 2 Shalloch on MinnochRoute 3 CorserineRoute 4 Cairnsmore of CarsphairnRoute 5 Hart FellRoute 6 White CoombRoute 7 Broad Law2 Arran and JuraRoute 8 GoatfellRoute 9 Beinn Tarsuinn, Caisteal Abhail and Cir MhorRoute 10 Beinn an Oir3 West of Loch Lomond (Arrochar Alps)Route 11 Beinn BheulaRoute 12 Ben Donich and The BrackRoute 13 The CobblerRoute 14 Beinn LuibheanRoute 15 Beinn an LochainRoute 16 Stob Coire Creagach (Binnein an Fhidhleir)Route 17 Meall an Fhudair4 East of Loch Lomond (The Trossachs)Route 18 Beinn a' ChoinRoute 19 Ben Ledi and BenvaneRoute 20 Beinn EachRoute 21 Stob a' ChoinRoute 22 Stob Fear-tomhaisRoute 23 Meall an t-Seallaidh and Creag MacRanaichRoute 24 Meall na FearnaRoute 25 Creag UchdagRoute 26 Auchnafree Hill5 South-West GrampiansRoute 27 Beinn a' BhuiridhRoute 28 Beinn Mhic MhonaidhRoute 29 Beinn Udlaidh and Beinn Bhreac-liathRoute 30 Beinn ChuirnRoute 31 Beinn Odhar , Beinn Chaorach , Cam Chreag , Beinn nam Fuaran and Beinn a' Chaisteil6 The Southern GrampiansRoute 32 Beinn nan ImireanRoute 33 Meall nan SubhRoute 34 Sron a' Choire Chnapanich and Meall BuidheRoute 35 Beinn nan OighreagRoute 36 Meall nam MaigheachRoute 37 Cam ChreagRoute 38 Beinn DeargRoute 39 Creagan na Beinne7 The Western GrampiansRoute 40 Creach BheinnRoute 41 FraochaidhRoute 42 Meall LighicheRoute 43 Beinn TrilleachanRoute 44 Stob DubhRoute 45 Beinn Maol ChaluimRoute 46 Beinn Mhic ChasgaigRoute 47 Beinn a' ChrulaisteRoute 48 Garbh BheinnRoute 49 Mam na GualainnRoute 50 Glas Bheinn8 The Central GrampiansRoute 51 Leum UilleimRoute 52 Meall na Meoig of Beinn PharlagainRoute 53 Stob an Aonaich MhoirRoute 54 Beinn a' ChuallaichRoute 55 Meall Tairneachan and Farragon HillRoute 56 Ben VrackieRoute 57 Ben VuirichRoute 58 Beinn MheadhonachRoute 59 Beinn BhreacRoute 60 An Dun and Maol Creag an Loch (A' Chaoirnich)Route 61 Meall na LeitreachRoute 62 Beinn MholachRoute 63 The Sow of AthollRoute 64 The Fara9 BadenochRoute 65 Sgurr Innse and Cruach InnseRoute 66 Beinn IaruinnRoute 67 Carn Dearg (Glen Roy)Route 68 Carn Dearg (N of Gleann Eachach) and Carn Dearg (S of Gleann Eachach)Route 69 Carn a' ChuillinnRoute 70 GairbeinnRoute 71 Meall na h-AisreRoute 72 Carn an FhreiceadainRoute 73 Meallach MhorRoute 74 Leathad an Taobhain and Carn Dearg Mor10 The Southern CairngormsRoute 75 Mount BattockRoute 76 Ben TirranRoute 77 MonamenachRoute 78 Ben GulabinRoute 79 Creag nan GabharRoute 80 MorroneRoute 81 Sgor MorRoute 82 Carn na DrochaideRoute 83 Carn Liath and CulardochRoute 84 ConachcraigRoute 85 Morven11 The Northern CairngormsRoute 86 Brown Cow HillRoute 87 Carn EalasaidRoute 88 Carn MorRoute 89 Corryhabbie HillRoute 90 Ben RinnesRoute 91 Geal CharnRoute 92 Meall a'BhuachailleRoute 93 Creag MhorRoute 94 Geal-charn MorRoute 95 Carn na SaobhaidheAppendix A Alphabetical list of the CorbettsAppendix B Useful information
=650  \0$aCorbetts (Scottish mountains)$vGuidebooks.
=650  \0$aWalking$zScotland$vGuidebooks.
=650  \0$aMountaineering$zScotland$vGuidebooks.
=650  \7$aCorbetts (Scottish mountains)$2fast$0(OCoLC)fst01430141
=650  \7$aMountaineering.$2fast$0(OCoLC)fst01028334
=650  \7$aWalking.$2fast$0(OCoLC)fst01170049
=651  \7$aScotland.$2fast$0(OCoLC)fst01206715
=655  \0$aElectronic books.
=655  \4$aElectronic books.
=655  \7$aGuidebooks.$2fast$0(OCoLC)fst01423871
=859  \\$aELD$bebook
=889  \\$a(OCoLC)893659058
=852  \\$aBritish Library$bHMNTS$cDRT$jELD.DS.4974$qImperfect: incorrect title sent.
=BUF  1\$aN$d20220221
=CAT  \\$aBATCH-EBKN$b00$c20140901$lBLL01$h1725
=CAT  \\$aEBKS-FXD$c20140901$lBLL01$h1818
=CAT  \\$aBATCH$b00$c20140901$lBLL01$h1819
=CAT  \\$aBATCH-UPD$b00$c20141211$lBLL01$h1707
=CAT  \\$aBATCH$b00$c20160420$lBLL01$h1818
=CAT  \\$aBATCH-UPD$b00$c20160420$lBLL01$h1819
=CAT  \\$a11279$b40$c20170307$lBLL01$h1420
=CAT  \\$a11279$b40$c20170307$lBLL01$h1422
=CAT  \\$a11279$b40$c20170307$lBLL01$h1425
=CAT  \\$aW1810-2163$c20190208$lBLL01$h2011
=CAT  \\$aBATCH-UPEB$b00$c20220221$lBLL01$h1701
=CAT  \\$aBATCH-UPD$b00$c20220221$lBLL01$h1702
=FIN  \\$aY$d20220221
=DRT  \\$aLD-ebooks
=SRC  \\$aIngrams
=STA  \\$aSUPPRESSED$bE-content not adequate for display
=ONS  \7$aWSZC$2bicssc
=ONS  \7$aSPO$b018000$2bisacsh
=ONS  \7$aSPO$b029000$2bisacsh
=ONS  \\$a1DBKS$2BIC Geographical qualifier
=ONS  \7$aWSZ$2bicssc
=LAS  \\$aBATCH-UPD$b00$c20220221$lBLL01$h1702

