=LDR  03120aam a22005771i 4500
=001  016916866
=003  Uk
=005  20190208201205.0
=006  m\\\\||\\d\|\\\\\\
=007  cr\|||||||||||
=008  140926s2012\\\\xxk|||||o\\\\||||\||eng\\
=FMT  \\$a  BK
=015  \\$aGBB752810$2bnb
=020  \\$a9781444131703$qEPUB
=020  \\$a1444131702$qEPUB
=037  \\$a9781444131703$bIngram Content Group
=040  \\$aUk$beng$cUk
=041  0\$aeng$agre
=042  \\$aukblsr
=082  04$a489.383421$222
=100  1\$aMatsukas, Aristarhos.
=245  10$aComplete Greek /$cAristarhos Matsukas.
=250  \\$a[New] ed.
=264  \1$aLondon :$bTeach Yourself,$c2012.
=300  \\$a1 online resource.
=336  \\$atext$2rdacontent
=337  \\$acomputer$2rdamedia
=338  \\$aonline resource$2rdacarrier
=505  0\$a<p>Introduction<br />Pronunciation Guide<br />01 Hi!<br />02 How are you doing?<br />03 Let's have a glass of ouzo!<br />04 Bon appetit!<br />05 Do you understand Greek?<br />06 Where is the Acropolis?<br />07 Have a nice trip!<br />08 Do you have any rooms?<br />09 How can I help you?<br />10 Do you remember everything?<br />11 Hello! Who is it?<br />12 I had a pounding headache<br />13 What was the weather like?<br />14 Opa! opa! opa!<br />15 Is it all Greek to you after all?<br />Key to the exercises<br />Glossary of grammatical terms<br />Grammar summary<br />Index of grammatical terms and topics<br />Greek history timeline<br />Greek language timeline<br />Taking it further<br />Greek-English glossary<br />English-Greek glossary</p>
=650  \0$aGreek language, Modern$vSelf-instruction.
=650  \0$aGreek language, Modern$vConversation and phrase books$xEnglish.
=650  \0$aGreek language, Modern$xSpoken Greek.
=700  1\$aMatsukas, Aristarhos.$tGreek.
=859  \\$aELD$bebook
=852  \\$aBritish Library$bHMNTS$cDRT$jELD.DS.8362$qImperfect: ebook display problem.
=BUF  1\$aN$d20170327
=CAT  \\$aBATCH-EBKN$b00$c20141029$lBLL01$h0228
=CAT  \\$aEBKS-FXD$c20141029$lBLL01$h0245
=CAT  \\$aBATCH$b00$c20141029$lBLL01$h0248
=CAT  \\$a11279$b40$c20151112$lBLL01$h1313
=CAT  \\$aBATCH-UPEB$b00$c20170327$lBLL01$h1700
=CAT  \\$aW1810-2163$c20190208$lBLL01$h2012
=FIN  \\$aY$d20170327
=DRT  \\$aLD-ebooks
=SRC  \\$aIngrams
=STA  \\$aSUPPRESSED$bE-content not adequate for display
=ONS  \7$aFOR$b010000$2bisacsh
=ONS  \7$aCJBT$2bicssc
=ONS  \7$aCJBV$2bicssc
=ONS  \\$tGreek ; language course ; Greece ; Athens ; fun ; phrasebook ; accessible ; easy ; excellent ; quick ; progress ; course ; business ; student ; casual learner ; how to learn Greek ; authentic ; comprehension ; confident communication ; advanced ; beginner ; Enhanced e-book ; Touch and Listen ; Teach Yourself ; weekend away ; vocabulary ; verbs ; pronunciation ; audio ; speak ; understand ; study ; language ; culture ; adventure ; dictionary ; Europe ; Rhodes ; Kos ; Crete ; enjoyable ; learn Greek ; Ancient Greece ; Samos ; summer holiday$2Subject Keywords
=LAS  \\$aW1810-2163$b00$c20190208$lBLL01$h2012

