=LDR  01146cam a22003615i 4500
=001  016917530
=003  Uk
=005  20190208201209.0
=006  m\\\\||\\d\|\\\\\\
=007  cr\|||||||||||
=008  141029s2014\\\\xxk|||||o\\\\||||\||eng\\
=FMT  \\$a  BK
=020  \\$a9781474108645
=040  \\$aUk$beng$cUk
=245  00$aFiscal sustainability report.
=264  \1$aLondon :$bOffice for Budget Responsibility,$c2014.
=300  \\$a1 online resource.
=336  \\$atext$2rdacontent
=337  \\$acomputer$2rdamedia
=338  \\$aonline resource$2rdacarrier
=720  0\$aGreat Britain.$bOffice for Budget Responsibility.
=859  \\$aELD$bebook
=852  \\$aBritish Library$bHMNTS$cDRT$jELD.DS.9026
=CAT  \\$aBATCH-EBKN$b00$c20141029$lBLL01$h0232
=CAT  \\$aEBKS-FXD$c20141029$lBLL01$h0245
=CAT  \\$aBATCH$b00$c20141029$lBLL01$h0249
=CAT  \\$a11450$b40$c20181025$lBLL01$h1351
=CAT  \\$aW1810-2163$c20190208$lBLL01$h2012
=CAT  \\$a8964$b40$c20220127$lBLL01$h1148
=DRT  \\$aLD-ebooks
=SRC  \\$aSubmission Portal
=STA  \\$aSUPPRESSED$bRebatched as Serial
=LAS  \\$a8964$b40$c20220127$lBLL01$h1148

