=LDR  01286 am a22003735i 4500
=001  016937129
=003  Uk
=005  20190208201213.0
=006  m\\\\||\\d\|\\\\\\
=007  cr\|||||||||||
=008  141110s2014\\\\xxk|||||o\\\\||||\||eng\\
=FMT  \\$a  BK
=020  \\$a9781909967090
=040  \\$aUk$beng$cUk
=245  00$aNational Schedules :$bElectrical Services 2014/15.
=264  \1$aAylesbury :$bNSR Management Limited,$c2014.
=300  \\$a1 online resource.
=336  \\$atext$2rdacontent
=337  \\$acomputer$2rdamedia
=338  \\$aonline resource$2rdacarrier
=500  \\$aThe National Schedules are a industry standard series of pricing and payment mechanisms use in Term Maintenance Contracts
=859  \\$aELD$bebook
=852  \\$aBritish Library$bHMNTS$cDRT$jELD.DS.9550
=985  \\$aINGESTED AS MONO IN ERROR
=CAT  \\$aBATCH-EBKN$b00$c20141110$lBLL01$h0212
=CAT  \\$aEBKS-FXD$c20141110$lBLL01$h0214
=CAT  \\$aBATCH$b00$c20141110$lBLL01$h0214
=CAT  \\$a6790$b40$c20141211$lBLL01$h1135
=CAT  \\$a11279$b40$c20160106$lBLL01$h1144
=CAT  \\$aW1810-2163$c20190208$lBLL01$h2012
=DRT  \\$aLD-ebooks
=SRC  \\$aSubmission Portal
=STA  \\$aSUPPRESSED$bIngested as mono in error
=LAS  \\$aW1810-2163$b00$c20190208$lBLL01$h2012

