=LDR  01323 am a22003855i 4500
=001  016992568
=003  Uk
=005  20190208201221.0
=006  m\\\\||\\d\|\\\\\\
=007  cr\|||||||||||
=008  141225s2013\\\\xxk|||||o\\\\||||\||eng\\
=FMT  \\$a  BK
=020  \\$a9781905454228
=040  \\$aUk$beng$cUk
=245  00$aMCS Nutrition :$bInformation Supplement - To be used in conjunction with 'Nutrition for Dummies'.
=264  \1$aExeter :$bTree Seer Publications,$c2013.
=300  \\$a1 online resource.
=336  \\$atext$2rdacontent
=337  \\$acomputer$2rdamedia
=338  \\$aonline resource$2rdacarrier
=720  0\$aSue Lilly
=859  \\$aELD$bebook
=852  \\$aBritish Library$bHMNTS$cDRT$jELD.DS.10351$qImperfect: ebook display problem.
=CAT  \\$aBATCH-EBKN$b00$c20141225$lBLL01$h0211
=CAT  \\$aEBKS-FXD$c20141225$lBLL01$h0213
=CAT  \\$aBATCH$b00$c20141225$lBLL01$h0214
=CAT  \\$a11279$b40$c20151118$lBLL01$h1105
=CAT  \\$a11279$b40$c20151125$lBLL01$h1344
=CAT  \\$a9578$b40$c20151214$lBLL01$h1635
=CAT  \\$a11279$b40$c20180305$lBLL01$h1336
=CAT  \\$aW1810-2163$c20190208$lBLL01$h2012
=DRT  \\$aLD-ebooks
=SRC  \\$aSubmission Portal
=STA  \\$aSUPPRESSED$bE-content not adequate for display
=LAS  \\$aW1810-2163$b00$c20190208$lBLL01$h2012

