=LDR  02009 am a22004335i 4500
=001  017016799
=003  Uk
=005  20190403113138.0
=006  m\\\\||\\d\|\\\\\\
=007  cr\|||||||||||
=008  141205s2013\\\\xxk|||||o\\\\||||\||eng\\
=FMT  \\$a  BK
=020  \\$a9780857052711$qEPUB
=020  \\$a0857052713$qEPUB
=037  \\$a9780857052711$bIngram Content Group
=040  \\$aUk$beng$cUk
=100  1\$aMacLehose Press,$eauthor.
=245  10$aRead the World :$bThe MacLehose Press Sampler /$cThe MacLehose Press.
=264  \1$aLondon :$bMacLehose Press,$c2013.
=300  \\$a1 online resource (328 pages).
=336  \\$atext$2rdacontent
=337  \\$acomputer$2rdamedia
=338  \\$aonline resource$2rdacarrier
=859  \\$aELD$bebook
=852  \\$aBritish Library$bHMNTS$cDRT$jELD.DS.11221
=CAT  \\$aBATCH-EBKN$b00$c20150119$lBLL01$h0219
=CAT  \\$aEBKS-FXD$c20150119$lBLL01$h0237
=CAT  \\$aBATCH$b00$c20150119$lBLL01$h0237
=CAT  \\$a1606-1733$c20180313$lBLL01$h1548
=CAT  \\$aW1810-2163$c20190208$lBLL01$h2012
=CAT  \\$a10883$b40$c20190403$lBLL01$h1131
=CAT  \\$a8964$b40$c20191022$lBLL01$h1520
=DRT  \\$aLD-ebooks
=SRC  \\$aIngrams
=STA  \\$aSUPPRESSED$bPromotional sample content, not available to the public
=ONS  \7$aFIC$b000000$2bisacsh
=ONS  \7$aFA$2bicssc
=ONS  \\$aThe Girl with the Dragon Tattoo;The Armies;Brodeck's Report;The End of the World in Breslau;The Upright Piano Player;The Sickness;River of Shadows;The Road;Love Virtually;The Folded Earth;The Foxes Come at Night;Accabadora;Sanctuary Line;Trieste;The Life of Rebecca Jones;The Black Path;Bed of Nails;The Last Man Standing;The Human Part;Alone in the Classroom;The Guard;Where I Left My Soul;Risk;The Voyage;White Masks;Alex;Enigma of the Return;Brief Loves that Live Forever;A Life Apart;And Englishman in Madrid;Someday we'll tell each other everything;sorrow of angels;uncertain glory$2Subject Keywords
=LAS  \\$a8964$b40$c20191022$lBLL01$h1520

