=LDR  01369 am a22004215i 4500
=001  017192304
=003  Uk
=005  20190307165152.0
=006  m\\\\||\\d\|\\\\\\
=007  cr\|||||||||||
=008  150501s2015\\\\xxk||||go\\\\||||\||eng\\
=FMT  \\$a  BK
=020  \\$a9781472231345$qEPUB
=020  \\$a1472231341$qEPUB
=037  \\$aHachetteUK520918$bIngram Content Group
=040  \\$aUk$beng$cUk
=100  1\$aWinman, Sarah$eauthor
=245  12$aA YEAR OF MARVELLOUS WAYS: Exclusive Chapter Sampler /$cSarah Winman.
=264  \1$aLondon :$bTinder Press,$c2015.
=300  \\$a1 online resource (32 pages).
=336  \\$atext$2rdacontent
=337  \\$acomputer$2rdamedia
=338  \\$aonline resource$2rdacarrier
=859  \\$aELD$bebook
=852  \\$aBritish Library$bHMNTS$cDRT$jELD.DS.12531
=CAT  \\$aBATCH-EBKN$b00$c20150510$lBLL01$h0213
=CAT  \\$aEBKS-FXD$c20150510$lBLL01$h0218
=CAT  \\$aBATCH$b00$c20150510$lBLL01$h0218
=CAT  \\$a7164$b40$c20151110$lBLL01$h0800
=CAT  \\$aW1810-2163$c20190208$lBLL01$h2012
=CAT  \\$a11279$b40$c20190305$lBLL01$h0914
=CAT  \\$a11279$b40$c20190307$lBLL01$h1651
=DRT  \\$aLD-ebooks
=SRC  \\$aIngrams
=STA  \\$aSUPPRESSED$bPromotional sample, not available to the public
=ONX  \\$cDGO
=ONS  \7$aFIC$x000000$2bisacsh
=LAS  \\$a11279$b40$c20190307$lBLL01$h1651

