=LDR  02108aam a22005771a 4500
=001  017585438
=003  Uk
=005  20180305140807.0
=006  m\\\\||\\d\|\\\\\\
=007  cr\|||||||||||
=008  090713s2015\\\\nju\\\\\o\\\\\000\u\eng\d
=FMT  \\$a  BK
=015  \\$aGBB6H5553$2bnb
=020  \\$a9781119043638$q(electronic bk.)
=020  \\$a1119043638$q(electronic bk.)
=037  \\$a9781119043638$bWiley
=040  \\$aRECBK$beng$cRECBK$dOCLCO$dOCLCF$dOCLCQ$dOCLCO$dEBLCP$dOCLCQ$dDEBSZ$dDEBBG$dOCLCQ$dUk$epn
=042  \\$aukblsr
=082  04$a006.312
=100  1\$aPiegorsch, Walter W.
=245  10$aStatistical data analytics :$bfoundations for data mining, informatics, and knowledge discovery, solutions manual /$cWalter W. Piegorsch.
=260  \\$aHoboken, N.J. :$bWiley,$c2015.
=300  \\$a1 online resource.
=336  \\$atext$2rdacontent
=337  \\$acomputer$2rdamedia
=338  \\$aonline resource$2rdacarrier
=500  \\$aTitle from resource description page (Recorded Books, viewed August 17, 2015).
=650  \0$aMathematics.
=650  \7$aMATHEMATICS$xProbability & Statistics$xGeneral.$2bisacsh
=650  \7$aMathematics.$2fast$0(OCoLC)fst01012163
=655  \4$aElectronic books.
=710  2\$aRecorded Books, Inc.
=859  \\$aELD$bebook
=889  \\$a(OCoLC)918985224
=852  \\$aBritish Library$bHMNTS$cDRT$jELD.DS.36331$qImperfect: incorrect title sent.
=BUF  1\$aN$d20161121
=CAT  \\$aBATCH-EBKN$b00$c20151017$lBLL01$h0208
=CAT  \\$aBATCH-UPD$b00$c20151017$lBLL01$h0211
=CAT  \\$aEBKS-FXD$c20151017$lBLL01$h0215
=CAT  \\$aBATCH$b00$c20151017$lBLL01$h0217
=CAT  \\$a11279$b40$c20160314$lBLL01$h1421
=CAT  \\$aBATCH-UPEB$b00$c20161121$lBLL01$h1717
=CAT  \\$aBATCH-UPD$b00$c20161121$lBLL01$h1833
=CAT  \\$a11279$b40$c20180305$lBLL01$h1354
=CAT  \\$a11279$b40$c20180305$lBLL01$h1408
=FIN  \\$aY$d20161121
=DRT  \\$aLD-ebooks
=SRC  \\$aWiley
=STA  \\$aSUPPRESSED$bE-content not adequate for display
=ONS  \7$aMAT$x029000$2bisacsh
=LAS  \\$a11279$b40$c20180305$lBLL01$h1408

