=LDR  01031cam a22003255i 4500
=001  020650796
=003  Uk
=005  20230419110833.0
=006  m\\\\||\\d\|\\\\\\
=007  cr\|||||||||||
=008  220620s2022\\\\xxk|||||o\\\\||||\||eng\\
=FMT  \\$a  BK
=040  \\$aUk$beng$cUk
=245  00$aElectricity Interconnector Use of Revenues report for 1 January 2021 - 31 December 2021.
=264  \1$aLondon :$bOfgem,$c2022.
=300  \\$a1 online resource.
=336  \\$atext$2rdacontent
=337  \\$acomputer$2rdamedia
=338  \\$aonline resource$2rdacarrier
=500  \\$aChosen by London Selector
=859  \\$aELD$bebook
=852  \\$aBritish Library$bHMNTS$cDRT$jELD.DS.693696
=CAT  \\$aBATCH-EBKN$b00$c20220620$lBLL01$h0201
=CAT  \\$aEBKS-FXD$c20220620$lBLL01$h0206
=CAT  \\$aBATCH$b00$c20220620$lBLL01$h0206
=CAT  \\$a11450$b40$c20230419$lBLL01$h1108
=DRT  \\$aLD-ebooks
=SRC  \\$aSubmission Portal
=STA  \\$aSUPPRESSED$bRebatched as Serial
=LAS  \\$a11450$b40$c20230419$lBLL01$h1108

