=LDR  01172cam a22003375i 4500
=001  020650819
=003  Uk
=005  20230112104706.0
=006  m\\\\||\\d\|\\\\\\
=007  cr\|||||||||||
=008  220620s2022\\\\xxk|||||o\\\\||||\||eng\\
=FMT  \\$a  BK
=020  \\$a9780192848932
=040  \\$aUk$beng$cUk
=245  00$aPolitical Settlements and Development :$bTheory, Evidence, Implications.
=264  \1$aOxford :$bOxford University Press,$c2022.
=300  \\$a1 online resource.
=336  \\$atext$2rdacontent
=337  \\$acomputer$2rdamedia
=338  \\$aonline resource$2rdacarrier
=720  0\$aTIM KELSALL, NICOLAI SCHULZ, WILL IAM D. FERGUSON, MATTHIAS VOM HAU, SAM HICKEY, BRIAN LEVY
=859  \\$aELD$bebook
=852  \\$aBritish Library$bHMNTS$cDRT$jELD.DS.693719
=CAT  \\$aBATCH-EBKN$b00$c20220620$lBLL01$h0201
=CAT  \\$aEBKS-FXD$c20220620$lBLL01$h0206
=CAT  \\$aBATCH$b00$c20220620$lBLL01$h0206
=CAT  \\$a7164$b40$c20230112$lBLL01$h1047
=DRT  \\$aLD-ebooks
=SRC  \\$aSubmission Portal
=STA  \\$aSUPPRESSED$bE-content from UK publisher not covered by Non-Print Legal Deposit
=LAS  \\$a7164$b40$c20230112$lBLL01$h1047

