=LDR  01050cam a22003375i 4500
=001  020656485
=003  Uk
=005  20221007125209.0
=006  m\\\\||\\d\|\\\\\\
=007  cr\|||||||||||
=008  220624s2022\\\\xxk|||||o\\\\||||\||eng\\
=FMT  \\$a  BK
=020  \\$a9781528633246
=040  \\$aUk$beng$cUk
=245  00$aDelivering justice for victims :$bConsultation response.
=264  \1$aLondon :$bMinistry of Justice,$c2022.
=300  \\$a1 online resource.
=336  \\$atext$2rdacontent
=337  \\$acomputer$2rdamedia
=338  \\$aonline resource$2rdacarrier
=500  \\$aselected by London selector
=859  \\$aELD$bebook
=852  \\$aBritish Library$bHMNTS$cDRT$jELD.DS.695882
=CAT  \\$aBATCH-EBKN$b00$c20220624$lBLL01$h0201
=CAT  \\$aEBKS-FXD$c20220624$lBLL01$h0207
=CAT  \\$aBATCH$b00$c20220624$lBLL01$h0208
=CAT  \\$a8250$b40$c20221007$lBLL01$h1252
=DRT  \\$aLD-ebooks
=SRC  \\$aSubmission Portal
=STA  \\$aSUPPRESSED$bDuplicate of Aleph 020672903
=LAS  \\$a8250$b40$c20221007$lBLL01$h1252

