=LDR  01074cam a22003255i 4500
=001  020680441
=003  Uk
=005  20230726094417.0
=006  m\\\\||\\d\|\\\\\\
=007  cr\|||||||||||
=008  220715s2022\\\\xxk|||||o\\\\||||\||eng\\
=FMT  \\$a  BK
=040  \\$aUk$beng$cUk
=245  00$aInfrastructure in the UK, investment and net stocks :$bMay 2022.
=264  \1$aUK :$bOffice for National Statistics,$c2022.
=300  \\$a1 online resource.
=336  \\$atext$2rdacontent
=337  \\$acomputer$2rdamedia
=338  \\$aonline resource$2rdacarrier
=500  \\$aArticle | Release date: 5 May 2022 | On advice of ELD Cat - Treat as Mono
=859  \\$aELD$bebook
=852  \\$aBritish Library$bHMNTS$cDRT$jELD.DS.699767
=CAT  \\$aBATCH-EBKN$b00$c20220715$lBLL01$h0201
=CAT  \\$aEBKS-FXD$c20220715$lBLL01$h0207
=CAT  \\$aBATCH$b00$c20220715$lBLL01$h0207
=CAT  \\$a11450$b40$c20230726$lBLL01$h0944
=DRT  \\$aLD-ebooks
=SRC  \\$aSubmission Portal
=STA  \\$aSUPPRESSED$bRebatched as Serial
=LAS  \\$a11450$b40$c20230726$lBLL01$h0944

