=LDR  01033cam a22003255i 4500
=001  020680843
=003  Uk
=005  20230112072830.0
=006  m\\\\||\\d\|\\\\\\
=007  cr\|||||||||||
=008  220716s2022\\\\xxk|||||o\\\\||||\||eng\\
=FMT  \\$a  BK
=040  \\$aUk$beng$cUk
=245  00$aLondon Monitor :$bThe latest forecasts, trends, and analysis in one report.
=264  \1$aOxford :$bOxford Economics,$c2022.
=300  \\$a1 online resource.
=336  \\$atext$2rdacontent
=337  \\$acomputer$2rdamedia
=338  \\$aonline resource$2rdacarrier
=720  0\$aHolt, Richard; Murray. Michael
=859  \\$aELD$bebook
=852  \\$aBritish Library$bHMNTS$cDRT$jELD.DS.699801
=CAT  \\$aBATCH-EBKN$b00$c20220716$lBLL01$h0201
=CAT  \\$aEBKS-FXD$c20220716$lBLL01$h0207
=CAT  \\$aBATCH$b00$c20220716$lBLL01$h0207
=CAT  \\$a15020$b40$c20230112$lBLL01$h0728
=DRT  \\$aLD-ebooks
=SRC  \\$aSubmission Portal
=STA  \\$aSUPPRESSED$bRe-batched as Serial
=LAS  \\$a15020$b40$c20230112$lBLL01$h0728

