=LDR  01118cam a22003255i 4500
=001  020680844
=003  Uk
=005  20221215111506.0
=006  m\\\\||\\d\|\\\\\\
=007  cr\|||||||||||
=008  220716s2022\\\\xxk|||||o\\\\||||\||eng\\
=FMT  \\$a  BK
=040  \\$aUk$beng$cUk
=245  00$aTracking the price of the lowest-cost grocery items, UK, experimental analysis :$bApril 2021 to April 2022.
=264  \1$aUK :$bOffice for National Statistics,$c2022.
=300  \\$a1 online resource.
=336  \\$atext$2rdacontent
=337  \\$acomputer$2rdamedia
=338  \\$aonline resource$2rdacarrier
=500  \\$aArticle | Release date: 30 May 2022 | On advice of ELD Cat - Treat as Mono
=859  \\$aELD$bebook
=852  \\$aBritish Library$bHMNTS$cDRT$jELD.DS.699802
=CAT  \\$aBATCH-EBKN$b00$c20220716$lBLL01$h0201
=CAT  \\$aEBKS-FXD$c20220716$lBLL01$h0207
=CAT  \\$aBATCH$b00$c20220716$lBLL01$h0207
=CAT  \\$a11450$b40$c20221215$lBLL01$h1115
=DRT  \\$aLD-ebooks
=SRC  \\$aSubmission Portal
=STA  \\$aSUPPRESSED$bRebatched as Serial
=LAS  \\$a11450$b40$c20221215$lBLL01$h1115

