=LDR  01751cam a22004815i 4500
=001  020705317
=003  Uk
=005  20221123062525.0
=006  m\\\\||\\d\|\\\\\\
=007  cr\|||||||||||
=008  220801s2014\\\\xxk||||go\\\\||||\||eng\\
=FMT  \\$a  BK
=020  \\$a9781445641300$qElectronic book (EPUB format)
=020  \\$a1445641305$qElectronic book (EPUB format)
=037  \\$a9781445641300$bAmberley Publishing
=040  \\$aUk$beng$cUk
=100  1\$aMoyer Heathcote, John,$eauthor.
=245  14$aThe Classic Guide to Tennis /$cJohn Moyer Heathcote.
=264  \1$aStroud :$bAmberley Publishing,$c2014.
=300  \\$a1 online resource (224 pages)
=336  \\$atext$2rdacontent
=337  \\$acomputer$2rdamedia
=338  \\$aonline resource$2rdacarrier
=490  0\$aThe Classic Guide to ...
=650  \7$aTennis.$2bicssc
=650  \7$aSPORTS & RECREATION$xTennis.$2bisacsh
=650  \7$aSocial & cultural history.$2bicssc
=650  \7$aHISTORY$xSocial History.$2bisacsh
=884  \\$aLDL ebooks ONIX to marcxml transformation using Record_Load-eBooks_Legal_Deposit_onix2marc_v2-1.xsl$g20220801$k9781445641300$qUk
=859  \\$aELD$bebook
=852  \\$aBritish Library$bHMNTS$cDRT$jELD.DS.705773$qImperfect: incorrect version sent.
=CAT  \\$aBATCH-EBKN$b00$c20220804$lBLL01$h0201
=CAT  \\$aEBKS-FXD$c20220804$lBLL01$h0207
=CAT  \\$aBATCH$b00$c20220804$lBLL01$h0208
=CAT  \\$a7164$b40$c20221123$lBLL01$h0625
=DRT  \\$aLD-ebooks
=SRC  \\$aCollection Metadata
=STA  \\$aSUPPRESSED$bE-content not adequate for display
=ONS  \7$aWSJR2$2bicssc
=ONS  \7$aSPO$x045000$2bisacsh
=ONS  \7$aHBTB$2bicssc
=ONS  \7$aHIS$x054000$2bisacsh
=LAS  \\$a7164$b40$c20221123$lBLL01$h0625

