=LDR  01541cam a22003855i 4500
=001  020711960
=003  Uk
=005  20220902100703.0
=006  m\\\\||\\d\|\\\\\\
=007  cr\|||||||||||
=008  220715s2019\\\\nik|||||o||||f||||||eng|d
=FMT  \\$a  BK
=037  \\$aNIOPA_11242$bQueen's University Belfast$nNorthern Ireland Official Publications Repository
=040  \\$aNiBfQU$beng$cNiBfQU$dUk$erda
=110  2\$aRPS (Firm),$eauthor.
=245  10$a[A1 Junctions Phase 2 Road Improvement Scheme] :$b[Stage 3 Scheme Assessment Report] : Appendix H : A1 Traffic Data Collection Report, A1 Traffic Model Flow Diagrams, Chinauley Park Microsimulation.
=264  \1$aBelfast :$bDepartment for Infrastructure,$c[2019]
=300  \\$a1 online resource.
=336  \\$atext$2rdacontent
=337  \\$acomputer$2rdamedia
=338  \\$aonline resource$2rdacarrier
=650  \7$aTransportation.$2fast$0(OCoLC)fst01155007
=651  \7$aNorthern Ireland.$2fast$0(OCoLC)fst01205215
=655  \0$aGovernment publications.
=884  \\$aLDL ebooks transformation to marcxml using queens_eb2marc.xsl$g20220721$kNIOPA_11242$qUk
=859  \\$aELD$bebook
=852  \\$aBritish Library$bHMNTS$cDRT$jELD.DS.706776
=CAT  \\$aBATCH-EBKN$b00$c20220811$lBLL01$h0201
=CAT  \\$aEBKS-FXD$c20220811$lBLL01$h0207
=CAT  \\$aBATCH$b00$c20220811$lBLL01$h0208
=CAT  \\$a8874$b40$c20220902$lBLL01$h1007
=DRT  \\$aLD-ebooks
=SRC  \\$aCollection Metadata
=STA  \\$aSUPPRESSED$bOut of scope
=LAS  \\$a8874$b40$c20220902$lBLL01$h1007

