=LDR  01735cam a22004575i 4500
=001  020711963
=003  Uk
=005  20220902100509.0
=006  m\\\\||\\d\|\\\\\\
=007  cr\|||||||||||
=008  220715s2018\\\\nik|||||o||||f||||||eng|d
=FMT  \\$a  BK
=037  \\$aNIOPA_11267$bQueen's University Belfast$nNorthern Ireland Official Publications Repository
=040  \\$aNiBfQU$beng$cNiBfQU$dUk$erda
=082  04$a388.1$223
=110  1\$aNorthern Ireland.$bDepartment for Infrastructure.$bRoads,$eauthor.
=245  10$aA4 Enniskillen Southern Bypass :$bVolume 3 : Non-Technical Summary (Environmental Impact Assessment Report).
=264  \1$aBelfast :$bDepartment for Infrastructure,$c2018.
=300  \\$a1 online resource.
=336  \\$atext$2rdacontent
=337  \\$acomputer$2rdamedia
=338  \\$aonline resource$2rdacarrier
=650  \7$aRoads.$2fast$0(OCoLC)fst01098511
=651  \7$aNorthern Ireland.$2fast$0(OCoLC)fst01205215
=655  \0$aGovernment publications.
=710  2\$aAtkins Ltd,$eauthor.
=710  2\$aSNC-Lavalin,$eauthor.
=884  \\$aLDL ebooks transformation to marcxml using queens_eb2marc.xsl$g20220721$kNIOPA_11267$qUk
=859  \\$aELD$bebook
=852  \\$aBritish Library$bHMNTS$cDRT$jELD.DS.706779
=CAT  \\$aBATCH-EBKN$b00$c20220811$lBLL01$h0201
=CAT  \\$aEBKS-FXD$c20220811$lBLL01$h0207
=CAT  \\$aBATCH$b00$c20220811$lBLL01$h0208
=CAT  \\$a15623$b40$c20220818$lBLL01$h1956
=CAT  \\$a15623$b40$c20220818$lBLL01$h1957
=CAT  \\$a15623$b40$c20220818$lBLL01$h2006
=CAT  \\$a8874$b40$c20220902$lBLL01$h1005
=DRT  \\$aLD-ebooks
=SRC  \\$aCollection Metadata
=STA  \\$aSUPPRESSED$bOut of scope
=LAS  \\$a8874$b40$c20220902$lBLL01$h1005

