=LDR  01464cam a22003975i 4500
=001  020711969
=003  Uk
=005  20220902100443.0
=006  m\\\\||\\d\|\\\\\\
=007  cr\|||||||||||
=008  220715s2017\\\\nik|||||o||||f||||||eng|d
=FMT  \\$a  BK
=037  \\$aNIOPA_11264$bQueen's University Belfast$nNorthern Ireland Official Publications Repository
=040  \\$aNiBfQU$beng$cNiBfQU$dUk$erda
=110  1\$aNorthern Ireland.$bDepartment for Infrastructure,$eauthor.
=245  10$aA1 Junctions Phase 2 :$bHillsborough to Loughbrickland.
=264  \1$aBelfast :$bDepartment for Infrastructure,$c[2017]
=300  \\$a1 online resource.
=336  \\$atext$2rdacontent
=337  \\$acomputer$2rdamedia
=338  \\$aonline resource$2rdacarrier
=650  \7$aRoads.$2fast$0(OCoLC)fst01098511
=651  \7$aNorthern Ireland.$2fast$0(OCoLC)fst01205215
=655  \0$aGovernment publications.
=710  2\$aRPS (Firm),$eauthor.
=884  \\$aLDL ebooks transformation to marcxml using queens_eb2marc.xsl$g20220721$kNIOPA_11264$qUk
=859  \\$aELD$bebook
=852  \\$aBritish Library$bHMNTS$cDRT$jELD.DS.706785
=CAT  \\$aBATCH-EBKN$b00$c20220811$lBLL01$h0201
=CAT  \\$aEBKS-FXD$c20220811$lBLL01$h0207
=CAT  \\$aBATCH$b00$c20220811$lBLL01$h0208
=CAT  \\$a8874$b40$c20220902$lBLL01$h1004
=DRT  \\$aLD-ebooks
=SRC  \\$aCollection Metadata
=STA  \\$aSUPPRESSED$bOut of scope
=LAS  \\$a8874$b40$c20220902$lBLL01$h1004

