=LDR  01829cam a22004815i 4500
=001  020718032
=003  Uk
=005  20221122102055.0
=006  m\\\\||\\d\|\\\\\\
=007  cr\|||||||||||
=008  220814s2010\\\\xxk||||go\\\\||||\||eng\\
=FMT  \\$a  BK
=020  \\$a9781445624587$qElectronic book (EPUB format)
=020  \\$a1445624583$qElectronic book (EPUB format)
=020  \\$z9781445600482$qprint
=037  \\$a9781445624587$bAmberley Publishing
=040  \\$aUk$beng$cUk
=110  2\$aMinistry of Information,$eauthor.
=245  14$aThe Battle of Britain :$bAn Air Ministry Account of the Great Days from 8 August-31 October 1940 /$cMinistry of Information.
=264  \1$aStroud :$bAmberley Publishing,$c2010.
=300  \\$a1 online resource (36 pages)
=336  \\$atext$2rdacontent
=337  \\$acomputer$2rdamedia
=338  \\$aonline resource$2rdacarrier
=650  \7$aSecond World War.$2bicssc
=650  \7$aHISTORY$xMilitary$xWorld War II.$2bisacsh
=650  \7$aAir forces & warfare.$2bicssc
=650  \7$aHISTORY$xMilitary$xAviation.$2bisacsh
=884  \\$aLDL ebooks ONIX to marcxml transformation using Record_Load-eBooks_Legal_Deposit_onix2marc_v2-1.xsl$g20220814$k9781445624587$qUk
=859  \\$aELD$bebook
=852  \\$aBritish Library$bHMNTS$cDRT$jELD.DS.707293$qImperfect: incorrect title sent.
=CAT  \\$aBATCH-EBKN$b00$c20220818$lBLL01$h0200
=CAT  \\$aEBKS-FXD$c20220818$lBLL01$h0206
=CAT  \\$aBATCH$b00$c20220818$lBLL01$h0206
=CAT  \\$a7164$b40$c20221122$lBLL01$h1020
=DRT  \\$aLD-ebooks
=SRC  \\$aCollection Metadata
=STA  \\$aSUPPRESSED$bE-content not adequate for display
=ONS  \7$aHBWQ$2bicssc
=ONS  \7$aHIS$x027100$2bisacsh
=ONS  \7$aJWG$2bicssc
=ONS  \7$aHIS$x027140$2bisacsh
=LAS  \\$a7164$b40$c20221122$lBLL01$h1020

