=LDR  01076cam a22003255i 4500
=001  020718216
=003  Uk
=005  20230525114537.0
=006  m\\\\||\\d\|\\\\\\
=007  cr\|||||||||||
=008  220818s2022\\\\xxk|||||o\\\\||||\||eng\\
=FMT  \\$a  BK
=040  \\$aUk$beng$cUk
=245  00$aDeath registration summary statistics, England and Wales :$b2021.
=264  \1$aUK :$bOffice for National Statistics,$c2022.
=300  \\$a1 online resource.
=336  \\$atext$2rdacontent
=337  \\$acomputer$2rdamedia
=338  \\$aonline resource$2rdacarrier
=500  \\$aArticle | Release date: 9 June 2022 | On advice of ELD Cat - Treat as Mono
=859  \\$aELD$bebook
=852  \\$aBritish Library$bHMNTS$cDRT$jELD.DS.707477
=CAT  \\$aBATCH-EBKN$b00$c20220818$lBLL01$h0201
=CAT  \\$aEBKS-FXD$c20220818$lBLL01$h0206
=CAT  \\$aBATCH$b00$c20220818$lBLL01$h0206
=CAT  \\$a11450$b40$c20230525$lBLL01$h1145
=DRT  \\$aLD-ebooks
=SRC  \\$aSubmission Portal
=STA  \\$aSUPPRESSED$bRebatched as Serial
=LAS  \\$a11450$b40$c20230525$lBLL01$h1145

