=LDR  00999cam a22003255i 4500
=001  020718225
=003  Uk
=005  20230817103854.0
=006  m\\\\||\\d\|\\\\\\
=007  cr\|||||||||||
=008  220818s2022\\\\xxk|||||o\\\\||||\||eng\\
=FMT  \\$a  BK
=040  \\$aUk$beng$cUk
=245  00$aNews Consumption in the UK: 2022 :$bOverview of research findings.
=264  \1$bOfcom,$c2022.
=300  \\$a1 online resource.
=336  \\$atext$2rdacontent
=337  \\$acomputer$2rdamedia
=338  \\$aonline resource$2rdacarrier
=500  \\$aSelected by London selector
=859  \\$aELD$bebook
=852  \\$aBritish Library$bHMNTS$cDRT$jELD.DS.707486
=CAT  \\$aBATCH-EBKN$b00$c20220818$lBLL01$h0201
=CAT  \\$aEBKS-FXD$c20220818$lBLL01$h0206
=CAT  \\$aBATCH$b00$c20220818$lBLL01$h0206
=CAT  \\$a11450$b40$c20230817$lBLL01$h1038
=DRT  \\$aLD-ebooks
=SRC  \\$aSubmission Portal
=STA  \\$aSUPPRESSED$bRebatched as Serial
=LAS  \\$a11450$b40$c20230817$lBLL01$h1038

