=LDR  01117cam a22003255i 4500
=001  020748053
=003  Uk
=005  20230921084439.0
=006  m\\\\||\\d\|\\\\\\
=007  cr\|||||||||||
=008  220915s2022\\\\xxk|||||o\\\\||||\||eng\\
=FMT  \\$a  BK
=040  \\$aUk$beng$cUk
=245  00$aEstimating the size of the self-funding population in the community, England :$b2021 to 2022.
=264  \1$aUK :$bOffice for National Statistics,$c2022.
=300  \\$a1 online resource.
=336  \\$atext$2rdacontent
=337  \\$acomputer$2rdamedia
=338  \\$aonline resource$2rdacarrier
=500  \\$aStatistical bulletin | Release date: 7 July 2022 | On advice of ELD Cat - Treat as Mono
=859  \\$aELD$bebook
=852  \\$aBritish Library$bHMNTS$cDRT$jELD.DS.714289
=CAT  \\$aBATCH-EBKN$b00$c20220915$lBLL01$h0201
=CAT  \\$aEBKS-FXD$c20220915$lBLL01$h0210
=CAT  \\$aBATCH$b00$c20220915$lBLL01$h0211
=CAT  \\$a11450$b40$c20230921$lBLL01$h0844
=DRT  \\$aLD-ebooks
=SRC  \\$aSubmission Portal
=STA  \\$aSUPPRESSED$bRebatched as Serial
=LAS  \\$a11450$b40$c20230921$lBLL01$h0844

