=LDR  01012cam a22003135i 4500
=001  020770290
=003  Uk
=005  20221028123322.0
=006  m\\\\||\\d\|\\\\\\
=007  cr\|||||||||||
=008  221009s2021\\\\xxk|||||o\\\\||||\||eng\\
=FMT  \\$a  BK
=040  \\$aUk$beng$cUk
=245  00$aGuildhall School of Music & Drama: Junior prospectus 2021 :$bJunior prospectus 2021.
=264  \1$aEngland :$bGuildhall School of Music & Drama,$c2021.
=300  \\$a1 online resource.
=336  \\$atext$2rdacontent
=337  \\$acomputer$2rdamedia
=338  \\$aonline resource$2rdacarrier
=859  \\$aELD$bebook
=852  \\$aBritish Library$bHMNTS$cDRT$jELD.DS.718086
=CAT  \\$aBATCH-EBKN$b00$c20221009$lBLL01$h0901
=CAT  \\$aEBKS-FXD$c20221009$lBLL01$h0906
=CAT  \\$aBATCH$b00$c20221009$lBLL01$h0906
=CAT  \\$a15190$b40$c20221028$lBLL01$h1233
=DRT  \\$aLD-ebooks
=SRC  \\$aSubmission Portal
=STA  \\$aSUPPRESSED$bRebatched as Serial
=LAS  \\$a15190$b40$c20221028$lBLL01$h1233

