=LDR  00955cam a22003255i 4500
=001  020804553
=003  Uk
=005  20221122132359.0
=006  m\\\\||\\d\|\\\\\\
=007  cr\|||||||||||
=008  221110s2022\\\\xxk|||||o\\\\||||\||eng\\
=FMT  \\$a  BK
=040  \\$aUk$beng$cUk
=245  00$aTORM plc 2021 Annual Report.
=264  \1$aLondon :$bTORM plc,$c2022.
=300  \\$a1 online resource.
=336  \\$atext$2rdacontent
=337  \\$acomputer$2rdamedia
=338  \\$aonline resource$2rdacarrier
=720  0\$aTORM plc
=859  \\$aELD$bebook
=852  \\$aBritish Library$bHMNTS$cDRT$jELD.DS.722117
=CAT  \\$aBATCH-EBKN$b00$c20221110$lBLL01$h0206
=CAT  \\$aEBKS-FXD$c20221110$lBLL01$h0211
=CAT  \\$aBATCH$b00$c20221110$lBLL01$h0211
=CAT  \\$a11450$b40$c20221122$lBLL01$h1323
=DRT  \\$aLD-ebooks
=SRC  \\$aSubmission Portal
=STA  \\$aSUPPRESSED$bRebatched as Serial
=LAS  \\$a11450$b40$c20221122$lBLL01$h1323

