=LDR  02181cam a22005177i 4500
=001  020819998
=003  Uk
=005  20230223173204.0
=006  m\\\\||\\d\|\\\\\\
=007  cr\|||||||||||
=008  191218s2021\\\\stkad\\\o\\\\f000\0\eng\d
=FMT  \\$a  BK
=037  \\$a228366501$bNational Library of Scotland
=040  \\$aStEdNL$beng$cStEdNL$dUk$erda
=082  04$a328.41104$223
=100  1\$aAiton, Andrew$c(Political scientist),$eauthor.
=245  10$aScotland's GDP :$bfirst quarter 2021 /$cAndrew Aiton.
=264  \1$a[Edinburgh] :$b[Scottish Parliamentary Corporate Body],$c2021.
=300  \\$a1 online resource (5 pages :$billustrations (colour), charts (colour).)
=336  \\$atext$2rdacontent
=337  \\$acomputer$2rdamedia
=338  \\$aonline resource$2rdacarrier
=490  1\$aSPICe briefing ;$v21-38i
=538  \\$aSystem requirements: Adobe Reader required to view PDF document.
=588  \\$aDescription from online resource; title from PDF title page (Scottish Parliamentary Corporate Body, viewed Jul 28, 2021)
=500  \\$a"23 June, 2021".
=500  \\$a"The latest data on Scottish economic output from the Scottish Government".
=651  \7$aScotland.$2fast$0(OCoLC)fst01206715
=655  \7$aLegislative materials.$2fast$0(OCoLC)fst01774285
=710  1\$aScotland.$bParliament.$bInformation Centre.
=710  1\$aScotland.$bParliament.$bCorporate Body,$eissuing body.
=830  \0$aSPICe briefing ;$v21-38i.
=884  \\$aLDL ebooks transformation to marcxml using nls_eb2marc.xsl$g20210916$k228366501$qUk
=859  \\$aELD$bebook
=852  \\$aBritish Library$bHMNTS$cDRT$jELD.DS.726973
=985  \\$aUpdated by MS generated file for WR2302-017
=CAT  \\$aBATCH-EBKN$b00$c20221124$lBLL01$h0202
=CAT  \\$aBATCH-UPD$b00$c20221124$lBLL01$h0203
=CAT  \\$aEBKS-FXD$c20221124$lBLL01$h0213
=CAT  \\$aBATCH$b00$c20221124$lBLL01$h0214
=CAT  \\$a8250$b40$c20230217$lBLL01$h1156
=CAT  \\$aW2302-0174$c20230223$lBLL01$h2104
=DRT  \\$aLD-ebooks
=SRC  \\$aCollection Metadata
=STA  \\$aSUPPRESSED$bAccessioned as serial issue on Aleph #018111991
=LAS  \\$aW2302-0174$b00$c20230223$lBLL01$h2104

