=LDR  04339cam a22009731i 4500
=001  020825934
=003  Uk
=005  20230217093916.0
=006  m\\\\||\\d\|\\\\\\
=007  cr\|||||||||||
=008  150513s2015\\\\wlk\\\\\ob\\\\001\0\eng\d
=FMT  \\$a  BK
=015  \\$aGBC2M2372$2bnb
=020  \\$a0708324355
=020  \\$a9780708324356
=020  \\$a9781783162789$q(e-book)
=020  \\$a1783162783
=020  \\$z9781783162611
=020  \\$z1783162619
=037  \\$a3-089-9780708324356$bIngram Content Group
=040  \\$aN{dollar}T$beng$cN{dollar}T$dE7B$dOCLCF$dJSTOR$dCOO$dOCL$dWAU$dEBLCP$dIDEBK$dYDXCP$dNLGGC$dUAB$dCOCUF$dOCLCQ$dEZ9$dIOG$dVTS$dAU@$dOCLCQ$dLVT$dBETBC$dUKAHL$dOCLCQ$dNLW$dOCLCO$dVHC$dUKMGB$dOCLCO$dUk$erda$epn
=042  \\$aukblsr
=050  \4$aBR117$b.L39 2015eb
=072  \7$aSOC$x053000$2bisacsh
=072  \7$aREL$x067110$2bisacsh
=072  \7$aREL$x070000$2bisacsh
=072  \7$aJFFA$2bicssc
=072  \7$aKC$2bicssc
=072  \7$aJFSF$2bicssc
=082  04$a230.005$223
=100  1\$aLazikani, Ayoush Sarmada,$d1987-$eauthor.
=245  10$aCultivating the heart :$bfeeling and emotion in twelfth- and thirteenth-century religious texts /$cA.S. Lazikani.
=264  \1$aCardiff :$bUniversity of Wales Press,$c[2015].
=300  \\$a1 online resource (xvi, 155 pages .).
=336  \\$atext$2rdacontent
=337  \\$acomputer$2rdamedia
=338  \\$aonline resource$2rdacarrier
=490  1\$aReligion and culture in the middle ages
=504  \\$aIncludes bibliographical references and index.
=505  0\$aFront Cover; Series Editors' Preface; List of Illustrations; Acknowledgements; List of Abbreviations; Note on Editions and Translations; Introduction: Feeling in the High Middle Ages; 1 Upon a Spiritual Cross: Feeling in the Lambeth and Trinity Homilies; 2 The Gnawed Hand: Presence and Absence of Feeling in the Early South English Legendaries; 3 Co-feeling: Compassion in Ancrene Wisse and the Wooing Group; 4 Call Me Bitter: Feeling and Sensing in Passion Lyrics; Conclusion; Notes; Select Bibliography; Index; Back Cover.
=588  0\$aPrint version record.
=650  \0$aReligious literature$y12th century.
=650  \0$aReligious literature$y13th century.
=650  \0$aEmotions$xReligious aspects$xChristianity.
=650  \0$aEmotions in literature.
=650  \0$aChristian literature, English$xHistory and criticism.
=650  \0$aEnglish literature$yMiddle English, 1100-1500$xHistory and criticism.
=650  \6$aLittérature chrétienne anglaise$xHistoire et critique.
=650  \6$aLittérature anglaise$y1100-1500 (Moyen anglais)$xHistoire et critique.
=650  \6$aÉmotions$xAspect religieux$xChristianisme.
=650  \6$aLittérature religieuse$y12e siècle.
=650  \6$aLittérature religieuse$y13e siècle.
=650  \7$aRELIGION$xChristian Theology$xSystematic.$2bisacsh
=650  \7$aRELIGION$xChristianity$xGeneral.$2bisacsh
=650  \7$aEmotions in literature.$2fast$0(OCoLC)fst00908874
=650  \7$aEmotions$xReligious aspects$xChristianity.$2fast$0(OCoLC)fst00908841
=650  \7$aReligious literature.$2fast$0(OCoLC)fst01094139
=655  \4$aElectronic books.
=830  \0$aReligion & culture in the Middle Ages.
=859  \\$aELD$bebook
=889  \\$a(OCoLC)908837423
=852  \\$aBritish Library$bHMNTS$cDRT$jELD.DS.730803$qImperfect
=985  \\$aResubmitted eBook record match on ISBN to existing record 017672719
=BUF  1\$aN$d20221212
=CAT  \\$aBATCH-EBKN$b00$c20221201$lBLL01$h0209
=CAT  \\$aBATCH-UPD$b00$c20221201$lBLL01$h0209
=CAT  \\$aEBKS-FXD$c20221201$lBLL01$h0217
=CAT  \\$aBATCH$b00$c20221201$lBLL01$h0218
=CAT  \\$aBATCH-UPEB$b00$c20221212$lBLL01$h1700
=CAT  \\$aBATCH-UPD$b00$c20221212$lBLL01$h1705
=CAT  \\$a7164$b40$c20230217$lBLL01$h0933
=CAT  \\$a7164$b40$c20230217$lBLL01$h0939
=FIN  \\$aY$d20221212
=DRT  \\$aLD-ebooks
=SRC  \\$aIngrams
=STA  \\$aSUPPRESSED$bE-content not adequate for display
=ONS  \7$aSCI$x030000$2bisacsh
=ONS  \7$aSOC$b053000$2bisacsh
=ONS  \\$a1DBKW$tWales$2BIC Geographical qualifier
=ONS  \\$a3JM$t21st century$2BIC time period qualifer
=ONS  \7$aJFFA$2bicssc
=ONS  \7$aKC$2bicssc
=ONS  \7$aJFSF$2bicssc
=LAS  \\$a7164$b40$c20230217$lBLL01$h0939

