=LDR  02370cam a22005777i 4500
=001  020825936
=003  Uk
=005  20230217115736.0
=006  m\\\\||\\d\|\\\\\\
=007  cr\|||||||||||
=008  210729s2021\\\\stk\\\\\ob\\\f000\0\eng\d
=FMT  \\$a  BK
=020  \\$a9781800040595$qElectronic book (PDF format)
=037  \\$a9781800040595$bNational Library of Scotland
=040  \\$aStEdNL$beng$cStEdNL$dUk$erda
=110  2\$aBlake Stevenson Ltd.,$eauthor.
=245  10$aHousing to 2040 consultation :$banalysis of responses to the consultation /$cBlake Stevenson.
=264  \1$aEdinburgh :$bThe Scottish Government,$c2021.
=300  \\$a1 online resource (98 pages)
=336  \\$atext$2rdacontent
=337  \\$acomputer$2rdamedia
=338  \\$aonline resource$2rdacarrier
=490  1\$aSocial Research series,$x2045-6964
=504  \\$aIncludes bibliographical references.
=538  \\$aSystem requirements: Adobe Reader required to view PDF document.
=588  \\$aDescription from online resource; title from PDF title page (Scottish Government, viewed 29 July 2021)
=500  \\$a"September 2020".
=500  \\$a"People, communities and places".
=500  \\$a"Social Research".
=500  \\$a"Produced for The Scottish Government by APS Group Scotland".
=500  \\$a"PPDAS50390 (03/21)".
=500  \\$a"Published by the Scottish Government, March 2021".
=651  \7$aScotland.$2fast$0(OCoLC)fst01206715
=655  \0$aGovernment publications.
=710  1\$aScotland.$bScottish Government,$eissuing body.
=710  1\$aScotland.$bSocial Research.
=710  2\$aAPS Group Scotland.
=830  \0$aSocial Research series.$x2045-6964
=884  \\$aLDL ebooks transformation to marcxml using nls_eb2marc.xsl$g20210916$k9781800040595$qUk
=859  \\$aELD$bebook
=852  \\$aBritish Library$bHMNTS$cDRT$jELD.DS.730805
=985  \\$aResubmitted eBook record match on ISBN to existing record 020160503
=CAT  \\$aBATCH-EBKN$b00$c20221201$lBLL01$h0209
=CAT  \\$aBATCH-UPD$b00$c20221201$lBLL01$h0209
=CAT  \\$aEBKS-FXD$c20221201$lBLL01$h0217
=CAT  \\$aBATCH$b00$c20221201$lBLL01$h0218
=CAT  \\$a8250$b40$c20230217$lBLL01$h1157
=DRT  \\$aLD-ebooks
=SRC  \\$aCollection Metadata
=STA  \\$aSUPPRESSED$bAccessioned as serial issue on Aleph #020160503
=LAS  \\$a8250$b40$c20230217$lBLL01$h1157

