=LDR  01567cam a22004335i 4500
=001  020829292
=003  Uk
=005  20230207120926.0
=006  m\\\\||\\d\|\\\\\\
=007  cr\|||||||||||
=008  221201s2022\\\\|||||||fo\\\\||||\||eng\\
=FMT  \\$a  BK
=020  \\$a9788131267417$qPDF
=020  \\$a8131267415$qPDF
=037  \\$a9788131267417$bIngram Content Group
=040  \\$aUk$beng$cUk
=100  1\$aSorajja, Paul,$eauthor$uDirector, Center for Valve and Structural Heart Disease, Minneapolis Heart Institute, Abbott Northwestern Hospital, Minneapolis, Minnesota
=245  10$aKern's Cardiac Catheterization Handbook, 7th Edition - South Asia Edition - E-Book /$cPaul Sorajja, Michael J Lim, Morton L. Kern.
=250  \\$a7th
=264  \1$bElsevier India,$c2022.
=300  \\$a1 online resource (756 pages)
=336  \\$atext$2rdacontent
=337  \\$acomputer$2rdamedia
=338  \\$aonline resource$2rdacarrier
=700  1\$aLim, Michael J.,$eauthor.
=700  1\$aKern, Morton L.$eauthor
=859  \\$aELD$bebook
=852  \\$aBritish Library$bHMNTS$cDRT$jELD.DS.732749
=CAT  \\$aBATCH-EBKN$b00$c20221204$lBLL01$h0901
=CAT  \\$aBATCH-UPD$b00$c20221204$lBLL01$h0901
=CAT  \\$aEBKS-FXD$c20221204$lBLL01$h0907
=CAT  \\$aBATCH$b00$c20221204$lBLL01$h0907
=CAT  \\$a7164$b40$c20230207$lBLL01$h1209
=DRT  \\$aLD-ebooks
=SRC  \\$aIngrams
=STA  \\$aSUPPRESSED$bE-content not eligible for Non-Print Legal Deposit
=ONX  \\$aIN
=ONS  \7$aMED$x010000$2bisacsh
=LAS  \\$a7164$b40$c20230207$lBLL01$h1209

