=LDR  01536cam a22004695i 4500
=001  020829295
=003  Uk
=005  20230104101110.0
=006  m\\\\||\\d\|\\\\\\
=007  cr\|||||||||||
=008  221201s2022\\\\|||||||fo\\\\||||\||eng\\
=FMT  \\$a  BK
=020  \\$a9788131256466$qEPUB
=020  \\$a8131256464$qEPUB
=037  \\$a9788131256466$bIngram Content Group
=040  \\$aUk$beng$cUk
=072  \7$aMED$x058050$2bisacsh
=072  \7$aMED$x058100$2bisacsh
=245  00$adeWit's Fundamental Concepts and Skills for Nursing -Second South Asia Edition, E-Book /$cAmbika Ravindran, Sonali Banerjee.
=250  \\$a2nd
=264  \1$bElsevier India,$c2022.
=300  \\$a1 online resource (968 pages)
=336  \\$atext$2rdacontent
=337  \\$acomputer$2rdamedia
=338  \\$aonline resource$2rdacarrier
=700  1\$aRavindran, Ambika$eeditor
=700  1\$aBanerjee, Sonali,$eeditor.
=859  \\$aELD$bebook
=852  \\$aBritish Library$bHMNTS$cDRT$jELD.DS.732752
=CAT  \\$aBATCH-EBKN$b00$c20221204$lBLL01$h0901
=CAT  \\$aBATCH-UPD$b00$c20221204$lBLL01$h0901
=CAT  \\$aEBKS-FXD$c20221204$lBLL01$h0907
=CAT  \\$aBATCH$b00$c20221204$lBLL01$h0907
=CAT  \\$a7164$b40$c20230104$lBLL01$h1011
=DRT  \\$aLD-ebooks
=SRC  \\$aIngrams
=STA  \\$aSUPPRESSED$bE-content not eligible for Non-Print Legal Deposit.
=ONX  \\$aIN
=ONS  \7$aMED$x058000$2bisacsh
=ONS  \7$aMED$b058050$2bisacsh
=ONS  \7$aMED$b058100$2bisacsh
=LAS  \\$a7164$b40$c20230104$lBLL01$h1011

