=LDR  02121cam a22005057i 4500
=001  020839906
=003  Uk
=005  20230223173216.0
=006  m\\\\||\\d\|\\\\\\
=007  cr\|||||||||||
=008  210819s2017\\\\stkc\\\\o\\\\f000\0\eng\d
=FMT  \\$a  BK
=037  \\$a217342048$bNational Library of Scotland
=040  \\$aStEdNL$beng$cStEdNL$dUk$erda
=082  04$a328.41104$223
=110  1\$aScotland.$bParliament.$bDelegated Powers and Law Reform Committee.
=245  10$aSubordinate legislation /$cDelegated Powers and Law Reform Committee.
=264  \1$a[Edinburgh] :$bScottish Parliamentary Corporate Body,$c2017.
=300  \\$a1 online resource (1 page :$bportraits (colour))
=336  \\$atext$2rdacontent
=337  \\$acomputer$2rdamedia
=338  \\$aonline resource$2rdacarrier
=538  \\$aSystem requirements: Adobe Reader required to view PDF document.
=588  \\$aDescription from online resource; title from PDF title page (Scottish Parliamentary Corporate Body, viewed August 19, 2021)
=500  \\$a"SP Paper 67".
=500  \\$a"Published 24th January 2017".
=500  \\$a"4th Report, 2017 (Session 5)".
=500  \\$a"Published in Scotland by the Scottish Parliamentary Corporate Body."
=651  \7$aScotland.$2fast$0(OCoLC)fst01206715
=655  \7$aLegislative materials.$2fast$0(OCoLC)fst01774285
=710  1\$aScotland.$bParliament.$bCorporate Body,$eissuing body.
=884  \\$aLDL ebooks transformation to marcxml using nls_eb2marc.xsl$g20210927$k217342048$qUk
=859  \\$aELD$bebook
=852  \\$aBritish Library$bHMNTS$cDRT$jELD.DS.734820
=985  \\$aUpdated by MS generated file for WR2302-017
=CAT  \\$aBATCH-EBKN$b00$c20221215$lBLL01$h0201
=CAT  \\$aBATCH-UPD$b00$c20221215$lBLL01$h0201
=CAT  \\$aEBKS-FXD$c20221215$lBLL01$h0209
=CAT  \\$aBATCH$b00$c20221215$lBLL01$h0210
=CAT  \\$a8250$b40$c20230217$lBLL01$h1159
=CAT  \\$aW2302-0174$c20230223$lBLL01$h2104
=DRT  \\$aLD-ebooks
=SRC  \\$aCollection Metadata
=STA  \\$aSUPPRESSED$bDuplicate of Aleph #020839882
=LAS  \\$aW2302-0174$b00$c20230223$lBLL01$h2104

