=LDR  01897cam a22005295i 4500
=001  020841731
=003  Uk
=005  20230201121528.0
=006  m\\\\||\\d\|\\\\\\
=007  cr\|||||||||||
=008  221214s2014\\\\xxk||||eo\\\\||||\||eng\\
=FMT  \\$a  BK
=020  \\$a9781447970521$qElectronic book (PDF format)
=020  \\$a1447970527$qElectronic book (PDF format)
=020  \\$z9781408255674$qprint
=037  \\$a9781447970521$bPearson UK
=040  \\$aUk$beng$cUk
=100  1\$aDavid, Fred R.,$eauthor.
=245  10$aStrategic Management /$cFred R David, Abbas J. Ali, Abdulrahman Al-Aali.
=250  \\$aArab World edition.
=264  \1$aHarlow :$bPearson,$c2014.
=264  \4$c©2014
=300  \\$a1 online resource.
=336  \\$atext$2rdacontent
=337  \\$acomputer$2rdamedia
=338  \\$aonline resource$2rdacarrier
=650  \7$aBusiness strategy.$2bicssc
=650  \7$aManagement & management techniques.$2bicssc
=650  \7$aBusiness & management.$2bicssc
=700  1\$aAli, Abbas J.,$eauthor.
=700  1\$aAl-Aali, Abdulrahman,$eauthor.
=884  \\$aLDL ebooks ONIX to marcxml transformation using Record_Load-eBooks_Legal_Deposit_onix2marc_v2-1.xsl$g20221214$k9781447970521$qUk
=859  \\$aELD$bebook
=852  \\$aBritish Library$bHMNTS$cDRT$jELD.DS.735942
=985  \\$aResubmitted eBook record match on ISBN to existing record 019081964
=CAT  \\$aBATCH-EBKN$b00$c20221219$lBLL01$h0208
=CAT  \\$aEBKS-FXD$c20221219$lBLL01$h0216
=CAT  \\$aBATCH$b00$c20221219$lBLL01$h0217
=CAT  \\$a7164$b40$c20230124$lBLL01$h1507
=CAT  \\$a7183$b40$c20230201$lBLL01$h1215
=DRT  \\$aLD-ebooks
=SRC  \\$aCollection Metadata
=STA  \\$aSUPPRESSED$bE-content not eligible for Non-Print Legal Deposit
=ONS  \7$aKJC$2bicssc
=ONS  \7$aKJM$2bicssc
=ONS  \7$aKJ$2bicssc
=LAS  \\$a7183$b40$c20230201$lBLL01$h1215

