=LDR  01588cam a22004455i 4500
=001  020841732
=003  Uk
=005  20230124150818.0
=006  m\\\\||\\d\|\\\\\\
=007  cr\|||||||||||
=008  221214s2014\\\\xxk||||eo\\\\||||\||eng\\
=FMT  \\$a  BK
=020  \\$a9781447970514$qElectronic book (PDF format)
=020  \\$a1447970519$qElectronic book (PDF format)
=020  \\$z9781408269800$qprint
=037  \\$a9781447970514$bPearson UK
=040  \\$aUk$beng$cUk
=100  1\$aBenghezal, Farouk,$eauthor.
=245  10$aStatistics for Business /$cFarouk Benghezal.
=250  \\$aArab World edition.
=264  \1$aHarlow :$bPearson,$c2014.
=264  \4$c©2014
=300  \\$a1 online resource.
=336  \\$atext$2rdacontent
=337  \\$acomputer$2rdamedia
=338  \\$aonline resource$2rdacarrier
=650  \7$aBusiness mathematics & systems.$2bicssc
=884  \\$aLDL ebooks ONIX to marcxml transformation using Record_Load-eBooks_Legal_Deposit_onix2marc_v2-1.xsl$g20221214$k9781447970514$qUk
=859  \\$aELD$bebook
=852  \\$aBritish Library$bHMNTS$cDRT$jELD.DS.735943
=985  \\$aResubmitted eBook record match on ISBN to existing record 019081965
=CAT  \\$aBATCH-EBKN$b00$c20221219$lBLL01$h0208
=CAT  \\$aEBKS-FXD$c20221219$lBLL01$h0216
=CAT  \\$aBATCH$b00$c20221219$lBLL01$h0217
=CAT  \\$a7164$b40$c20230124$lBLL01$h1508
=DRT  \\$aLD-ebooks
=SRC  \\$aCollection Metadata
=STA  \\$aSUPPRESSED$bE-content not eligible for Non-Print Legal Deposit
=ONS  \7$aKJQ$2bicssc
=LAS  \\$a7164$b40$c20230124$lBLL01$h1508

