=LDR  01817cam a22005055i 4500
=001  020841738
=003  Uk
=005  20230124151213.0
=006  m\\\\||\\d\|\\\\\\
=007  cr\|||||||||||
=008  221214s2014\\\\xxk||||eo\\\\||||\||eng\\
=FMT  \\$a  BK
=020  \\$a9781447970644$qElectronic book (PDF format)
=020  \\$a1447970640$qElectronic book (PDF format)
=020  \\$z9781408255667$qprint
=037  \\$a9781447970644$bPearson UK
=040  \\$aUk$beng$cUk
=100  1\$aRobbins, Stephen P.,$eauthor.
=245  10$aManagement /$cStephen P. Robbins, Mary Coulter, Yusuf Sidani, Dima Jamali.
=250  \\$aArab World edition.
=264  \1$aHarlow :$bPearson,$c2014.
=264  \4$c©2014
=300  \\$a1 online resource.
=336  \\$atext$2rdacontent
=337  \\$acomputer$2rdamedia
=338  \\$aonline resource$2rdacarrier
=650  \7$aBusiness & management.$2bicssc
=650  \7$aManagement & management techniques.$2bicssc
=700  1\$aCoulter, Mary,$eauthor.
=700  1\$aSidani, Yusuf,$eauthor.
=700  1\$aJamali, Dima,$eauthor.
=884  \\$aLDL ebooks ONIX to marcxml transformation using Record_Load-eBooks_Legal_Deposit_onix2marc_v2-1.xsl$g20221214$k9781447970644$qUk
=859  \\$aELD$bebook
=852  \\$aBritish Library$bHMNTS$cDRT$jELD.DS.735949
=985  \\$aResubmitted eBook record match on ISBN to existing record 019081975
=CAT  \\$aBATCH-EBKN$b00$c20221219$lBLL01$h0208
=CAT  \\$aEBKS-FXD$c20221219$lBLL01$h0216
=CAT  \\$aBATCH$b00$c20221219$lBLL01$h0217
=CAT  \\$a7164$b40$c20230124$lBLL01$h1512
=DRT  \\$aLD-ebooks
=SRC  \\$aCollection Metadata
=STA  \\$aSUPPRESSED$bE-content not eligible for Non-Print Legal Deposit
=ONS  \7$aKJ$2bicssc
=ONS  \7$aKJM$2bicssc
=LAS  \\$a7164$b40$c20230124$lBLL01$h1512

