=LDR  01332cam a22004095i 4500
=001  020851548
=003  Uk
=005  20230207120554.0
=006  m\\\\||\\d\|\\\\\\
=007  cr\|||||||||||
=008  230102s2022\\\\|||||||fo\\\\||||\||eng\\
=FMT  \\$a  BK
=020  \\$a9788131266335$qEPUB
=020  \\$a8131266338$qEPUB
=037  \\$a9788131266335$bIngram Content Group
=040  \\$aUk$beng$cUk
=245  00$aSaunders Comprehensive Review for the NCLEX-RN® Examination, Fourth South Asia Edition - E-Book /$cAnnu Kaushik.
=250  \\$a4th
=264  \1$bElsevier India,$c2022.
=300  \\$a1 online resource (1240 pages)
=336  \\$atext$2rdacontent
=337  \\$acomputer$2rdamedia
=338  \\$aonline resource$2rdacarrier
=700  1\$aKaushik, Annu,$eeditor.
=859  \\$aELD$bebook
=852  \\$aBritish Library$bHMNTS$cDRT$jELD.DS.739111
=CAT  \\$aBATCH-EBKN$b00$c20230105$lBLL01$h0202
=CAT  \\$aBATCH-UPD$b00$c20230105$lBLL01$h0202
=CAT  \\$aEBKS-FXD$c20230105$lBLL01$h0210
=CAT  \\$aBATCH$b00$c20230105$lBLL01$h0211
=CAT  \\$a7164$b40$c20230207$lBLL01$h1205
=DRT  \\$aLD-ebooks
=SRC  \\$aIngrams
=STA  \\$aSUPPRESSED$bE-content not eligible for Non-Print Legal Deposit
=ONX  \\$aIN
=ONS  \7$aMED$x058210$2bisacsh
=LAS  \\$a7164$b40$c20230207$lBLL01$h1205

