=LDR  00974cam a22003255i 4500
=001  020852082
=003  Uk
=005  20230228113203.0
=006  m\\\\||\\d\|\\\\\\
=007  cr\|||||||||||
=008  230106s2022\\\\xxk|||||o\\\\||||\||eng\\
=FMT  \\$a  BK
=040  \\$aUk$beng$cUk
=245  00$aJustice in Numbers pocketbook.
=264  \1$a[UK] :$bMinistry of Justice,$c2022.
=300  \\$a1 online resource.
=336  \\$atext$2rdacontent
=337  \\$acomputer$2rdamedia
=338  \\$aonline resource$2rdacarrier
=500  \\$a16 November 2022
=859  \\$aELD$bebook
=852  \\$aBritish Library$bHMNTS$cDRT$jELD.DS.739433
=CAT  \\$aBATCH-EBKN$b00$c20230106$lBLL01$h0201
=CAT  \\$aEBKS-FXD$c20230106$lBLL01$h0208
=CAT  \\$aBATCH$b00$c20230106$lBLL01$h0209
=CAT  \\$a15190$b40$c20230228$lBLL01$h1132
=DRT  \\$aLD-ebooks
=SRC  \\$aSubmission Portal
=STA  \\$aSUPPRESSED$bRebatched as Serial
=LAS  \\$a15190$b40$c20230228$lBLL01$h1132

