=LDR  00959cam a22003135i 4500
=001  020864058
=003  Uk
=005  20230228113400.0
=006  m\\\\||\\d\|\\\\\\
=007  cr\|||||||||||
=008  230112s2022\\\\xxk|||||o\\\\||||\||eng\\
=FMT  \\$a  BK
=040  \\$aUk$beng$cUk
=245  00$aJustice in Numbers pocketbook :$b02 December 2022.
=264  \1$aUK :$bMinistry of Justice,$c2022.
=300  \\$a1 online resource.
=336  \\$atext$2rdacontent
=337  \\$acomputer$2rdamedia
=338  \\$aonline resource$2rdacarrier
=859  \\$aELD$bebook
=852  \\$aBritish Library$bHMNTS$cDRT$jELD.DS.741557
=CAT  \\$aBATCH-EBKN$b00$c20230112$lBLL01$h0202
=CAT  \\$aEBKS-FXD$c20230112$lBLL01$h0212
=CAT  \\$aBATCH$b00$c20230112$lBLL01$h0213
=CAT  \\$a15190$b40$c20230228$lBLL01$h1134
=DRT  \\$aLD-ebooks
=SRC  \\$aSubmission Portal
=STA  \\$aSUPPRESSED$bRebatched as Serial
=LAS  \\$a15190$b40$c20230228$lBLL01$h1134

