=LDR  06542cam a22004215i 4500
=001  020864878
=003  Uk
=005  20230207120812.0
=006  m\\\\||\\d\|\\\\\\
=007  cr\|||||||||||
=008  230109s2022\\\\|||||||fo\\\\||||\||eng\\
=FMT  \\$a  BK
=020  \\$a9788131267066$qPDF
=020  \\$a8131267067$qPDF
=037  \\$a9788131267066$bIngram Content Group
=040  \\$aUk$beng$cUk
=100  1\$aRosenstiel, Stephen F.,$eauthor$uProfessor Emeritus, Division of Restorative and Prosthetic Dentistry, The Ohio State University College of Dentistry, Columbus, Ohio
=245  10$aContemporary Fixed Prosthodontics 6E, South Asia Edition - E-Book /$cStephen F. Rosenstiel.
=250  \\$a2nd
=264  \1$bElsevier India,$c2022.
=300  \\$a1 online resource (912 pages)
=336  \\$atext$2rdacontent
=337  \\$acomputer$2rdamedia
=338  \\$aonline resource$2rdacarrier
=505  0\$a<p>PART I Planning and Preparation</p> <p>1 History Taking and Clinical Examination, 1</p><i> <p>Stephen F. Rosenstiel, Martin F. Land, and Robert D. Walter</p> <p>James E. Metz and Robert F. Baima</i>, Section Contributors</p><b> <p>2 Diagnostic Procedures, 34</p></b><i> <p>Robert D. Walter, Martin F. Land, and Stephen F. Rosenstiel</p> <p>Shereen S. Azer</i>, Section Contributor</p><b> <p>3 Treatment Planning, 84</p></b><i> <p>Stephen F. Rosenstiel and Martin F. Land</p> <p>Avinash S. Bidra</i>, Contributing Author</p><b> <p>4 Principles of Occlusion, 107</p></b><i> <p>Martin F. Land and Stephen F. Rosenstiel</p> <p>Jack M. Marincel</i>, Section Contributor</p><b> <p>5 Periodontal Considerations, 147</p></b><i> <p>Rick K. Biethman and Daniel Melker</p></i><b> <p>6 Mouth Preparation, 173</p></b><i> <p>Robert D. Walter, Stephen F. Rosenstiel, and Martin F. Land</p> <p>Rick K. Biethman and Robert F. Baima</i>, Section Contributors</p><b> <p>PART II Clinical Procedures: Section 1</p> <p>7 Principles of Tooth Preparation, 199</p></b><i> <p>Robert D. Walter, Stephen F. Rosenstiel, and Martin F. Land</p></i><b> <p>8 Tooth Preparation for Ceramic Restorations, 249</p></b><i> <p>Robert D. Walter, Martin F. Land, and Stephen F. Rosenstiel</p> <p>Christa D. Hopp</i>, Section Contributor</p><b> <p>9 The Complete Crown Preparation, 267</p></b><i> <p>Martin F. Land, Robert D. Walter, and Stephen F. Rosenstiel</p></i><b> <p>10 The Ceramic-Veneered Crown Preparation, 279</p></b><i> <p>Stephen F. Rosenstiel, Robert D. Walter, and Martin F. Land</p></i><b> <p>11 The Cast Partial Veneer Crown, Inlay, and Onlay</p> <p>Preparations, 291</p></b><i> <p>Robert D. Walter, Stephen F. Rosenstiel, and Martin F. Land</p></i><b> <p>12 Restoration of the Endodontically Treated</p> <p>Tooth, 311</p></b><i> <p>Stephen F. Rosenstiel and Martin F. Land</p> <p>Donald A. Miller</i>, Section Contributor</p><b> <p>13 Implant-Supported Fixed Prostheses, 355</p></b><i> <p>Burak Yilmaz and Edwin A. McGlumphy</p> <p>Peter E. Larsen</i>, Section Contributor</p><b> <p>14 Tissue Management, Scanning, and Impression</p> <p>Making, 407</p></b><i> <p>Martin F. Land, Stephen F. Rosenstiel, and Burak Yilmaz</p></i><b> <p>15 Interim Fixed Restorations, 439</p></b><i> <p>Van Ramos, Jr., </i>Contributing Author</p><i> <p>William M. Johnston, Martin A. Freilich, Jonathan C. Meiers, Jon Goldberg</i>, Section Contributors</p><b> <p>PART III Laboratory Procedures</p> <p>16 Communicating With the Dental Laboratory, 481</p></b><i> <p>Harald Heindl and Daniela Heindl</i>, Contributing Authors</p><b> <p>17 Definitive Casts and Dies, 493</p></b><i> <p>Stephen F. Rosenstiel and Martin F. Land</p> <p>Mathew Thomas Kattadiyil and Abdulaziz Alzaid</i>, Contributing Authors</p><b> <p>18 Restoration Design, 522</p></b><i> <p>Lee Culp</i>, Contributing Author</p><i> <p>M.H. Reisbick</i>, Section Contributor</p><b> <p>19 Framework Design and Metal Selection for</p> <p>Metal-Ceramic Restorations, 571</p></b><i> <p>Martin F. Land and Stephen F. Rosenstiel</p> <p>William A. Brantley</i>, Section Contributor</p><b> <p>20 Pontic Design, 596</p></b><i> <p>Stephen F. Rosenstiel and Martin F. Land</p> <p>R. Duane Douglas and Minaal Verma</i>, Contributing Authors</p><b> <p>21 Retainers for Removable Partial Dentures, 626</p></b><i> <p>Martin F. Land and Stephen F. Rosenstiel</p> <p>Montry S. Suprono</i>, Contributing Author</p><b> <p>22 Metal Restoration Fabrication, 652</p></b><i> <p>Martin F. Land and Stephen F. Rosenstiel</p> <p>M.H. Reisbick, William Brantley, Geoffrey A. Thompson,</p> <p>Adel Almaaz, Hongseok An</i>, Section Contributors</p><b> <p>23 Color, the Color-Replication Process, and Esthetics, 680</p></b><i> <p>Stephen F. Rosenstiel and Martin F. Land</p> <p>Alvin G. Wee</i>, Contributing Author</p><b> <p>24 Metal-Ceramic Restorations, 709</p></b><i> <p>Stephen F. Rosenstiel and Martin F. Land</p> <p>William A. Brantley and Geoffrey A. Thompson</i>, Section Contributors</p><b> <p>25 Ceramic Restorations, 739</p></b><i> <p>Stephen F. Rosenstiel, Martin F. Land, and Robert D. Walter</p></i><b> <p>26 Resin-Bonded Fixed Partial Dentures, 757</p></b><i> <p>Van P. Thompson</i>, Contributing Author</p><i> <p>John Locke</i>, Section Contributor</p><b> <p>27 Connectors for Fixed Partial Dentures, 777</p></b><i> <p>Martin F. Land and Stephen F. Rosenstiel</p> <p>M.H. Reisbick</i>, Section Contributor</p><b> <p>28 Finishing the Metal Restoration, 800</p></b><i> <p>Robert D. Walter, Martin F. Land, and Stephen F. Rosenstiel</p></i><b> <p>PART IV Clinical Procedures: Section 2</p> <p>29 Evaluation, Characterization, and Glazing, 813</p></b><i> <p>Robert D. Walter, Stephen F. Rosenstiel, and Martin F. Land</p> <p>Stuart H. Jacobs</i>, Section Contributor</p><b> <p>30 Luting Agents and Cementation Procedures, 851</p></b><i> <p>Stephen F. Rosenstiel, and Martin F. Land</p> <p>Pooya Soltanzadeh</i>, Contributing Author</p><b> <p>31 Postoperative Care, 872</p></b><i> <p>Robert D. Walter, Stephen F. Rosenstiel, and Martin F. Land</p></i><b> <p>Index, </b>913</p>
=859  \\$aELD$bebook
=852  \\$aBritish Library$bHMNTS$cDRT$jELD.DS.742108
=CAT  \\$aBATCH-EBKN$b00$c20230113$lBLL01$h0201
=CAT  \\$aBATCH-UPD$b00$c20230113$lBLL01$h0201
=CAT  \\$aEBKS-FXD$c20230113$lBLL01$h0209
=CAT  \\$aBATCH$b00$c20230113$lBLL01$h0210
=CAT  \\$a7164$b40$c20230207$lBLL01$h1208
=DRT  \\$aLD-ebooks
=SRC  \\$aIngrams
=STA  \\$aSUPPRESSED$bE-content not eligible for Non-Print Legal Deposit
=ONX  \\$aIN
=ONS  \7$aMED$x016000$2bisacsh
=LAS  \\$a7164$b40$c20230207$lBLL01$h1208

