=LDR  01116cam a22003255i 4500
=001  020866615
=003  Uk
=005  20230419112044.0
=006  m\\\\||\\d\|\\\\\\
=007  cr\|||||||||||
=008  230115s2022\\\\xxk|||||o\\\\||||\||eng\\
=FMT  \\$a  BK
=040  \\$aUk$beng$cUk
=245  00$aCost of living and higher education students, England :$b24 October to 7 November 2022.
=264  \1$aUK :$bOffice for National Statistics,$c2022.
=300  \\$a1 online resource.
=336  \\$atext$2rdacontent
=337  \\$acomputer$2rdamedia
=338  \\$aonline resource$2rdacarrier
=500  \\$aStatistical bulletin | Release date: 23 November 2022 | On advice of ELD Cat - Treat as Mono
=859  \\$aELD$bebook
=852  \\$aBritish Library$bHMNTS$cDRT$jELD.DS.742457
=CAT  \\$aBATCH-EBKN$b00$c20230115$lBLL01$h0201
=CAT  \\$aEBKS-FXD$c20230115$lBLL01$h0207
=CAT  \\$aBATCH$b00$c20230115$lBLL01$h0207
=CAT  \\$a11450$b40$c20230419$lBLL01$h1120
=DRT  \\$aLD-ebooks
=SRC  \\$aSubmission Portal
=STA  \\$aSUPPRESSED$bRebatched as Serial
=LAS  \\$a11450$b40$c20230419$lBLL01$h1120

