=LDR  02025cam a22004817i 4500
=001  020878836
=003  Uk
=005  20230217120121.0
=006  m\\\\||\\d\|\\\\\\
=007  cr\|||||||||||
=008  210818s2021\\\\stkac\\\o\\\\f000\0\eng\d
=FMT  \\$a  BK
=020  \\$a9781800049215$qElectronic book (PDF format)
=037  \\$a9781800049215$bNational Library of Scotland
=040  \\$aStEdNL$beng$cStEdNL$dUk$erda
=110  1\$aScotland.$bHealthier Scotland,$eauthor.
=245  10$aSupport for nursing and midwifery students in Scotland 2021/22 /$cHealthier Scotland, Scottish Government.
=264  \1$aEdinburgh :$bThe Scottish Government,$c2021.
=300  \\$a1 online resource (19 pages :$billustrations (colour), portraits (colour))
=336  \\$atext$2rdacontent
=337  \\$acomputer$2rdamedia
=338  \\$aonline resource$2rdacarrier
=538  \\$aSystem requirements: Adobe Reader required to view PDF document.
=588  \\$aDescription from online resource; title from PDF title page (Scottish Government, viewed 18 August 2021)
=500  \\$a"Published by The Scottish Government, April 2021".
=500  \\$a"Produced for The Scottish Government by APS Group Scotland".
=500  \\$a"PPDAS849226 (04/21)".
=651  \7$aScotland.$2fast$0(OCoLC)fst01206715
=655  \0$aGovernment publications.
=710  1\$aScotland.$bScottish Government,$eissuing body.
=710  2\$aAPS Group Scotland.
=884  \\$aLDL ebooks transformation to marcxml using nls_eb2marc.xsl$g20210927$k9781800049215$qUk
=859  \\$aELD$bebook
=852  \\$aBritish Library$bHMNTS$cDRT$jELD.DS.742608
=CAT  \\$aBATCH-EBKN$b00$c20230119$lBLL01$h0201
=CAT  \\$aBATCH-UPD$b00$c20230119$lBLL01$h0202
=CAT  \\$aEBKS-FXD$c20230119$lBLL01$h0211
=CAT  \\$aBATCH$b00$c20230119$lBLL01$h0212
=CAT  \\$a8250$b40$c20230217$lBLL01$h1201
=DRT  \\$aLD-ebooks
=SRC  \\$aCollection Metadata
=STA  \\$aSUPPRESSED$bAdded to serial record #016075485
=LAS  \\$a8250$b40$c20230217$lBLL01$h1201

