=LDR  01141cam a22003615i 4500
=001  020935888
=003  Uk
=005  20230223142639.0
=006  m\\\\||\\d\|\\\\\\
=007  cr\|||||||||||
=008  230128s2022\\\\xxk|||||o\\\\||||\||eng\\
=FMT  \\$a  BK
=020  \\$a9781838411633
=040  \\$aUk$beng$cUk
=245  00$aPanta Rhei :$bEverything Flows.
=250  \\$a1
=264  \1$aOuthgill :$bMallerstang Magic Press,$c2022.
=300  \\$a1 online resource.
=336  \\$atext$2rdacontent
=337  \\$acomputer$2rdamedia
=338  \\$aonline resource$2rdacarrier
=500  \\$aPhotographs of water and foreward by the author
=720  0\$aKeith Beven
=859  \\$aELD$bebook
=852  \\$aBritish Library$bHMNTS$cDRT$jELD.DS.743881$qImperfect: incorrect version sent.
=CAT  \\$aBATCH-EBKN$b00$c20230128$lBLL01$h0200
=CAT  \\$aEBKS-FXD$c20230128$lBLL01$h0203
=CAT  \\$aBATCH$b00$c20230128$lBLL01$h0203
=CAT  \\$a11279$b40$c20230223$lBLL01$h1426
=DRT  \\$aLD-ebooks
=SRC  \\$aSubmission Portal
=STA  \\$aSUPPRESSED$bE-content not adequate for display
=LAS  \\$a11279$b40$c20230223$lBLL01$h1426

