=LDR  01915cam a22004817i 4500
=001  020945085
=003  Uk
=005  20230217120316.0
=006  m\\\\||\\d\|\\\\\\
=007  cr\|||||||||||
=008  210817s2021\\\\stkd\\\\o\\\\f000\0\eng\d
=FMT  \\$a  BK
=020  \\$a9781802010398$qElectronic book (PDF format)
=037  \\$a9781802010398$bNational Library of Scotland
=040  \\$aStEdNL$beng$cStEdNL$dUk$erda
=245  00$aCouncil tax collection statistics, 2020-21.
=264  \1$aEdinburgh :$bThe Scottish Government,$c2021.
=300  \\$a1 online resource (14 pages :$bcharts (colour))
=336  \\$atext$2rdacontent
=337  \\$acomputer$2rdamedia
=338  \\$aonline resource$2rdacarrier
=538  \\$aSystem requirements: Adobe Reader required to view PDF document.
=588  \\$aDescription from online resource; title from PDF caption (Scottish Government, viewed August 17, 2021)
=500  \\$a"Produced for The Scottish Government by APS Group Scotland."
=500  \\$a"Published 22 June 2021."
=500  \\$a"PPDAS877226 (06/21)."
=500  \\$a"Public Services and Government."
=651  \7$aScotland.$2fast$0(OCoLC)fst01206715
=655  \0$aGovernment publications.
=710  1\$aScotland.$bScottish Government,$eissuing body.
=710  2\$aAPS Group Scotland.
=884  \\$aLDL ebooks transformation to marcxml using nls_eb2marc.xsl$g20210927$k9781802010398$qUk
=859  \\$aELD$bebook
=852  \\$aBritish Library$bHMNTS$cDRT$jELD.DS.744090
=CAT  \\$aBATCH-EBKN$b00$c20230202$lBLL01$h0201
=CAT  \\$aBATCH-UPD$b00$c20230202$lBLL01$h0201
=CAT  \\$aEBKS-FXD$c20230202$lBLL01$h0213
=CAT  \\$aBATCH$b00$c20230202$lBLL01$h0215
=CAT  \\$a8250$b40$c20230217$lBLL01$h1203
=DRT  \\$aLD-ebooks
=SRC  \\$aCollection Metadata
=STA  \\$aSUPPRESSED$bAccessioned as serial issue on Aleph #014703626
=LAS  \\$a8250$b40$c20230217$lBLL01$h1203

