=LDR  01984cam a22004937i 4500
=001  020945094
=003  Uk
=005  20230217120227.0
=006  m\\\\||\\d\|\\\\\\
=007  cr\|||||||||||
=008  210826s2021\\\\stkad\\\ob\\\f000\0\eng\d
=FMT  \\$a  BK
=020  \\$a9781802010510$qElectronic book (PDF format)
=037  \\$a9781802010510$bNational Library of Scotland
=040  \\$aStEdNL$beng$cStEdNL$dUk$erda
=245  00$aScottish greenhouse gas emissions 2019.
=264  \1$a[Edinburgh] :$bScottish Government,$c[2021]
=300  \\$a1 online resource (55 pages :$billustrations (chiefly colour), charts (colour))
=336  \\$atext$2rdacontent
=337  \\$acomputer$2rdamedia
=338  \\$aonline resource$2rdacarrier
=504  \\$aIncludes bibliographical references.
=538  \\$aSystem requirements: Adobe Reader required to view PDF document.
=588  \\$aDescription from online resource; title from PDF caption (Scottish Government, viewed 26 August 2021)
=500  \\$a"An official statistics publication for Scotland".
=500  \\$a"Agriculture, environment and marine".
=500  \\$a"APS Group Scotland".
=500  \\$a"PPDAS884946 (06/21)".
=651  \7$aScotland.$2fast$0(OCoLC)fst01206715
=655  \0$aGovernment publications.
=710  1\$aScotland.$bScottish Government,$eissuing body.
=710  2\$aAPS Group Scotland.
=884  \\$aLDL ebooks transformation to marcxml using nls_eb2marc.xsl$g20210927$k9781802010510$qUk
=859  \\$aELD$bebook
=852  \\$aBritish Library$bHMNTS$cDRT$jELD.DS.744099
=CAT  \\$aBATCH-EBKN$b00$c20230202$lBLL01$h0201
=CAT  \\$aBATCH-UPD$b00$c20230202$lBLL01$h0201
=CAT  \\$aEBKS-FXD$c20230202$lBLL01$h0213
=CAT  \\$aBATCH$b00$c20230202$lBLL01$h0215
=CAT  \\$a8250$b40$c20230217$lBLL01$h1202
=DRT  \\$aLD-ebooks
=SRC  \\$aCollection Metadata
=STA  \\$aSUPPRESSED$bAccessioned as serial issue on Aleph #015579819
=LAS  \\$a8250$b40$c20230217$lBLL01$h1202

