=LDR  02274cam a22005417i 4500
=001  020945117
=003  Uk
=005  20230217120155.0
=006  m\\\\||\\d\|\\\\\\
=007  cr\|||||||||||
=008  210401s2021\\\\stkb\\\\ob\\\f000\0\eng\d
=FMT  \\$a  BK
=020  \\$a9781802011029$qElectronic book (PDF format)
=037  \\$a9781802011029$bNational Library of Scotland
=040  \\$aStEdNL$beng$cStEdNL$dUk$erda
=100  1\$aMunro, Lorna A.,$eauthor,$ecompiler.
=245  10$aScottish shellfish farm production survey 2020 /$cwritten and compiled by LA Munro ; artwork by M Sinclair, Marine Scotland Communications Team.
=264  \1$aEdinburgh :$bThe Scottish Government,$c2021.
=300  \\$a1 online resource (ii, 28 pages) :$bmaps (colour)
=336  \\$atext$2rdacontent
=337  \\$acomputer$2rdamedia
=338  \\$aonline resource$2rdacarrier
=504  \\$aIncludes bibliographic references.
=538  \\$aSystem requirements: Adobe Reader required to view PDF document.
=588  \\$aDescription from online resource; title from PDF caption title (Scottish Government, viewed August 23, 2021)
=500  \\$a"Published by The Scottish Government, June 2021".
=500  \\$a"Produced for The Scottish Government by APS Group Scotland".
=500  \\$a"DPPAS11863 (07/11)".
=500  \\$a"PPDAS886006 (06/21)".
=651  \7$aScotland.$2fast$0(OCoLC)fst01206715
=655  \0$aGovernment publications.
=700  1\$aSinclair, M.,$eillustrator.
=710  1\$aScotland.$bScottish Government,$eissuing body.
=710  2\$aAPS Group Scotland.
=710  2\$aMarine Scotland Science.
=884  \\$aLDL ebooks transformation to marcxml using nls_eb2marc.xsl$g20210927$k9781802011029$qUk
=859  \\$aELD$bebook
=852  \\$aBritish Library$bHMNTS$cDRT$jELD.DS.744122
=CAT  \\$aBATCH-EBKN$b00$c20230202$lBLL01$h0201
=CAT  \\$aBATCH-UPD$b00$c20230202$lBLL01$h0201
=CAT  \\$aEBKS-FXD$c20230202$lBLL01$h0213
=CAT  \\$aBATCH$b00$c20230202$lBLL01$h0215
=CAT  \\$a3391$b40$c20230207$lBLL01$h1721
=CAT  \\$a8250$b40$c20230217$lBLL01$h1201
=DRT  \\$aLD-ebooks
=SRC  \\$aCollection Metadata
=STA  \\$aSUPPRESSED$bAccessioned as serial issue on Aleph #015896813
=LAS  \\$a8250$b40$c20230217$lBLL01$h1201

