=LDR  01133cam a22003495i 4500
=001  020947407
=003  Uk
=005  20230216151826.0
=006  m\\\\||\\d\|\\\\\\
=007  cr\|||||||||||
=008  230206s2022\\\\xxk|||||o\\\\||||\||eng\\
=FMT  \\$a  BK
=040  \\$aUk$beng$cUk
=245  00$aEducation Business 27.1.
=250  \\$a27
=264  \1$aLoughton, Essex. UK :$bPublic Sector Information,$c2022.
=300  \\$a1 online resource.
=336  \\$atext$2rdacontent
=337  \\$acomputer$2rdamedia
=338  \\$aonline resource$2rdacarrier
=500  \\$aEducation Business Magazine - Business Information for Education Decision Makers
=720  0\$aPublic Sector Information
=859  \\$aELD$bebook
=852  \\$aBritish Library$bHMNTS$cDRT$jELD.DS.745133
=CAT  \\$aBATCH-EBKN$b00$c20230206$lBLL01$h0200
=CAT  \\$aEBKS-FXD$c20230206$lBLL01$h0204
=CAT  \\$aBATCH$b00$c20230206$lBLL01$h0204
=CAT  \\$a10902$b40$c20230216$lBLL01$h1518
=DRT  \\$aLD-ebooks
=SRC  \\$aSubmission Portal
=STA  \\$aSUPPRESSED$bSerial title ingested as mono in error
=LAS  \\$a10902$b40$c20230216$lBLL01$h1518

