=LDR  01125cam a22003255i 4500
=001  020963219
=003  Uk
=005  20230517112728.0
=006  m\\\\||\\d\|\\\\\\
=007  cr\|||||||||||
=008  230220s2022\\\\xxk|||||o\\\\||||\||eng\\
=FMT  \\$a  BK
=040  \\$aUk$beng$cUk
=245  00$aSymptoms consistent with influenza-like illness in those who tested negative for COVID-19 in England :$bCoronavirus (COVID-19) Infection Survey, UK.
=264  \1$aUK :$bOffice for National Statistics,$c2022.
=300  \\$a1 online resource.
=336  \\$atext$2rdacontent
=337  \\$acomputer$2rdamedia
=338  \\$aonline resource$2rdacarrier
=500  \\$aArticle | Release date: 19 December 2022
=859  \\$aELD$bebook
=852  \\$aBritish Library$bHMNTS$cDRT$jELD.DS.747555
=CAT  \\$aBATCH-EBKN$b00$c20230220$lBLL01$h0201
=CAT  \\$aEBKS-FXD$c20230220$lBLL01$h0207
=CAT  \\$aBATCH$b00$c20230220$lBLL01$h0208
=CAT  \\$a11450$b40$c20230517$lBLL01$h1127
=DRT  \\$aLD-ebooks
=SRC  \\$aSubmission Portal
=STA  \\$aSUPPRESSED$bRebatched as Serial
=LAS  \\$a11450$b40$c20230517$lBLL01$h1127

