=LDR  01091cam a22003255i 4500
=001  020970249
=003  Uk
=005  20230405095128.0
=006  m\\\\||\\d\|\\\\\\
=007  cr\|||||||||||
=008  230225s2022\\\\xxk|||||o\\\\||||\||eng\\
=FMT  \\$a  BK
=040  \\$aUk$beng$cUk
=245  00$aThe impact of winter pressures on adults in Great Britain :$bDecember 2022.
=264  \1$aUK :$bOffice for National Statistics,$c2022.
=300  \\$a1 online resource.
=336  \\$atext$2rdacontent
=337  \\$acomputer$2rdamedia
=338  \\$aonline resource$2rdacarrier
=500  \\$aArticle | Release date: 15 December 2022 | On advice of ELD Cat - Treat as Mono
=859  \\$aELD$bebook
=852  \\$aBritish Library$bHMNTS$cDRT$jELD.DS.750476
=CAT  \\$aBATCH-EBKN$b00$c20230225$lBLL01$h0200
=CAT  \\$aEBKS-FXD$c20230225$lBLL01$h0204
=CAT  \\$aBATCH$b00$c20230225$lBLL01$h0204
=CAT  \\$a11450$b40$c20230405$lBLL01$h0951
=DRT  \\$aLD-ebooks
=SRC  \\$aSubmission Portal
=STA  \\$aSUPPRESSED$bRebatched as Serial
=LAS  \\$a11450$b40$c20230405$lBLL01$h0951

