=LDR  00977cam a22003255i 4500
=001  020987504
=003  Uk
=005  20230323084508.0
=006  m\\\\||\\d\|\\\\\\
=007  cr\|||||||||||
=008  230310s2023\\\\xxk|||||o\\\\||||\||eng\\
=FMT  \\$a  BK
=040  \\$aUk$beng$cUk
=245  00$aNews and Views Israel :$bThe Newsletter of CMJ Israel.
=264  \1$aUK :$bCMJ UK,$c2023.
=300  \\$a1 online resource.
=336  \\$atext$2rdacontent
=337  \\$acomputer$2rdamedia
=338  \\$aonline resource$2rdacarrier
=720  0\$aCMJ Israel
=859  \\$aELD$bebook
=852  \\$aBritish Library$bHMNTS$cDRT$jELD.DS.751953
=CAT  \\$aBATCH-EBKN$b00$c20230310$lBLL01$h0201
=CAT  \\$aEBKS-FXD$c20230310$lBLL01$h0211
=CAT  \\$aBATCH$b00$c20230310$lBLL01$h0212
=CAT  \\$a15190$b40$c20230323$lBLL01$h0845
=DRT  \\$aLD-ebooks
=SRC  \\$aSubmission Portal
=STA  \\$aSUPPRESSED$bRebatched as Serial
=LAS  \\$a15190$b40$c20230323$lBLL01$h0845

