=LDR  04073cam a22008171i 4500
=001  021009182
=003  Uk
=005  20230503074415.0
=006  m\\\\||\\d\|\\\\\\
=007  cr\|||||||||||
=008  230327s2009\\\\||||||||o\\\\||||\||eng\\
=FMT  \\$a  BK
=015  \\$aGBC373185$2bnb
=020  \\$a9781783163793$qEPUB
=020  \\$a1783163798$qEPUB
=024  7\$a10.1234/b10305$2doi
=037  \\$a3-089-9781783163793$bIngram Content Group
=040  \\$aUk$beng$cUk
=042  \\$aukblsr
=082  04$a946.7$223
=100  1\$aCleminson, Richard,$eauthor.
=245  00$aCatalan culture :$bexperimentation, creative imagination and the relationship with Spain : essays in honour of David George /$cedited by Lloyd Hughes Davies, J.B. Hall, and D. Gareth Walters.
=264  \1$a[Place of publication not identified] :$bUniversity of Wales Press,$c2009.
=300  \\$a1 online resource (288 pages).
=336  \\$atext$2rdacontent
=337  \\$acomputer$2rdamedia
=338  \\$aonline resource$2rdacarrier
=490  1\$aIberian and Latin American studies
=505  00$aMachine generated contents note:$tA `Natural History' of Return: Landscape, Myth and Memory in the Late Work of Merce Rodoreda /$rHelena Buffery --$t`La totalidad de la obra se representara en perfecto castellano': Censorship of Theatre in Catalonia after the Civil War /$rMichael Thompson --$tRodolf Sirera's El veri del teatre (The Audition): Creating Performance, Reality and Politics On Stage /$rJohn London --$t`Antes eterna o negra que rota': ¡Ay, Carmela! and the Mythic Unity of Spain /$rDominic Keown --$t`... And the Great Bird of War Flew Past with Its Wings Outstretched': The Aesthetic Recreation of Trauma in Jordi Coca's Sota la pols (2001) /$rJordi Cornella-Detrell --$tUnmasking the Mask: Controversia del Toro y el Torero (Els Joglars, 2006) and the Craft of Theatremaking /$rLourdes Orozco --$tOn Influence, Tradition and Other Anxieties: Some Dilemmas of the Contemporary Catalan Stage /$rSharon G. Feldman --$tLa Cubana in the Twenty-first Century: The Popular and the Political /$rMaria M. Delgado.
=650  \0$aCatalans$xEthnic identity.
=650  \7$aCivilization.$2fast$0(OCoLC)fst00862898
=650  \7$aEthnicity.$2fast$0(OCoLC)fst00916034
=650  \7$aManners and customs.$2fast$0(OCoLC)fst01007815
=651  \0$aCatalonia (Spain)$xSocial life and customs.
=651  \0$aCatalonia (Spain)$xHistory.
=651  \0$aCatalonia (Spain)$xCivilization.
=651  \7$aSpain$zCatalonia.$2fast$0(OCoLC)fst01206043
=655  \7$aHistory.$2fast$0(OCoLC)fst01411628
=700  1\$aDavies, Lloyd Hughes,$eeditor.
=700  1\$aHall, J. B.,$eeditor.
=700  1\$aWalters, D. Gareth,$eeditor.
=700  1\$aGeorge, David J.$q(David John),$ehonouree.
=830  \0$aIberian and Latin American studies.
=859  \\$aELD$bebook
=852  \\$aBritish Library$bHMNTS$cDRT$jELD.DS.760089$qImperfect
=985  \\$aResubmitted eBook record match on ISBN to existing record 019177019
=BUF  1\$aN$d20230410
=CAT  \\$aBATCH-EBKN$b00$c20230330$lBLL01$h0206
=CAT  \\$aBATCH-UPD$b00$c20230330$lBLL01$h0207
=CAT  \\$aEBKS-FXD$c20230330$lBLL01$h0216
=CAT  \\$aBATCH$b00$c20230330$lBLL01$h0217
=CAT  \\$aBATCH-UPEB$b00$c20230410$lBLL01$h1700
=CAT  \\$a7164$b40$c20230503$lBLL01$h0744
=FIN  \\$aY$d20230410
=DRT  \\$aLD-ebooks
=SRC  \\$aIngrams
=STA  \\$aSUPPRESSED$bE-content not adequate for display
=ONS  \7$aMED$x039000$2bisacsh
=ONS  \\$a1DSE$tSpain$2BIC Geographical qualifier
=ONS  \\$t-$2Subject Keywords
=ONS  \\$tCleminson$2Subject Keywords
=ONS  \\$tFrancisco$2Subject Keywords
=ONS  \\$tGarcía$2Subject Keywords
=ONS  \\$tHermaphroditism$2Subject Keywords
=ONS  \\$tIdentity$2Subject Keywords
=ONS  \\$tMedical$2Subject Keywords
=ONS  \\$tRichard$2Subject Keywords
=ONS  \\$tScience$2Subject Keywords
=ONS  \\$tSexual$2Subject Keywords
=ONS  \\$tSpain$2Subject Keywords
=LAS  \\$a7164$b40$c20230503$lBLL01$h0744

