=LDR  01667cam a22004455i 4500
=001  021022571
=003  Uk
=005  20230608115802.0
=006  m\\\\||\\d\|\\\\\\
=007  cr\|||||||||||
=008  230411s2023\\\\|||||||fo\\\\||||\||eng\\
=FMT  \\$a  BK
=020  \\$a9788131267936$qEPUB
=020  \\$a8131267938$qEPUB
=037  \\$a9788131267936$bIngram Content Group
=040  \\$aUk$beng$cUk
=100  1\$aKumar, Vinay,$eauthor$uAlice Hogge and Arthur A. Baer Distinguished Service Professor of Pathology, Biologic Sciences Division and the Pritzker Medical School, The University of Chicago, Chicago, Illinois, USA
=245  10$aRobbins and Kumar Basic Pathology, 11th Edition-South Asia Edition - E-Book /$cVinay Kumar, Abul K. Abbas, Jon C. Aster, Andrea T Deyrup.
=250  \\$a11th
=264  \1$bElsevier India,$c2023.
=300  \\$a1 online resource (982 pages)
=336  \\$atext$2rdacontent
=337  \\$acomputer$2rdamedia
=338  \\$aonline resource$2rdacarrier
=700  1\$aAbbas, Abul K.,$eauthor.
=700  1\$aAster, Jon C.,$eauthor.
=700  1\$aDeyrup, Andrea T.,$eauthor.
=859  \\$aELD$bebook
=852  \\$aBritish Library$bHMNTS$cDRT$jELD.DS.764604
=CAT  \\$aBATCH-EBKN$b00$c20230414$lBLL01$h0202
=CAT  \\$aBATCH-UPD$b00$c20230414$lBLL01$h0202
=CAT  \\$aEBKS-FXD$c20230414$lBLL01$h0213
=CAT  \\$aBATCH$b00$c20230414$lBLL01$h0214
=CAT  \\$a7164$b40$c20230608$lBLL01$h1158
=DRT  \\$aLD-ebooks
=SRC  \\$aIngrams
=STA  \\$aSUPPRESSED$bE-content not eligible for Non-Print Legal Deposit
=ONX  \\$aIN
=ONS  \7$aMED$x067000$2bisacsh
=LAS  \\$a7164$b40$c20230608$lBLL01$h1158

