=LDR  00944cam a22003135i 4500
=001  021029998
=003  Uk
=005  20230912114912.0
=006  m\\\\||\\d\|\\\\\\
=007  cr\|||||||||||
=008  230422s2023\\\\xxk|||||o\\\\||||\||eng\\
=FMT  \\$a  BK
=040  \\$aUk$beng$cUk
=245  00$aGender and ethnicity pay gap report 2022.
=264  \1$aBirmingham :$bOfwat,$c2023.
=300  \\$a1 online resource.
=336  \\$atext$2rdacontent
=337  \\$acomputer$2rdamedia
=338  \\$aonline resource$2rdacarrier
=859  \\$aELD$bebook
=852  \\$aBritish Library$bHMNTS$cDRT$jELD.DS.766102
=CAT  \\$aBATCH-EBKN$b00$c20230422$lBLL01$h0202
=CAT  \\$aEBKS-FXD$c20230422$lBLL01$h0214
=CAT  \\$aBATCH$b00$c20230422$lBLL01$h0215
=CAT  \\$a15190$b40$c20230912$lBLL01$h1149
=DRT  \\$aLD-ebooks
=SRC  \\$aSubmission Portal
=STA  \\$aSUPPRESSED$bRebatched as Serial
=LAS  \\$a15190$b40$c20230912$lBLL01$h1149

