=LDR  03221cam a22007211i 4500
=001  021063726
=003  Uk
=005  20230620095151.0
=006  m\\\\||\\d\|\\\\\\
=007  cr\|||||||||||
=008  230525s2018\\\\enk\\\\\o\\\\\000\0\eng\d
=FMT  \\$a  BK
=015  \\$aGBC3A4002$2bnb
=020  \\$a9781003422310$q(electronic bk.)
=020  \\$a1003422314$q(electronic bk.)
=020  \\$a9781000939972$q(electronic bk. : EPUB)
=020  \\$a1000939979$q(electronic bk. : EPUB)
=020  \\$a9781000946024$q(electronic bk. : PDF)
=020  \\$a1000946029$q(electronic bk. : PDF)
=020  \\$z9781138487215
=020  \\$z113848721X
=024  7\$a10.4324/9781003422310$2doi
=037  \\$a9781000939972$bIngram Content Group
=040  \\$aTYFRS$beng$cTYFRS$dYDX$dUk$erda$epn
=042  \\$aukblsr
=072  \7$aHIS$x027060$2bisacsh
=072  \7$aPOL$x062000$2bisacsh
=072  \7$aGTJ$2bicssc
=082  04$a327$223
=245  00$aSurvival.$n60.2.
=264  \1$aLondon :$bRoutledge,$c2018.
=300  \\$a1 online resource (1 volume).
=336  \\$atext$2rdacontent
=337  \\$acomputer$2rdamedia
=338  \\$aonline resource$2rdacarrier
=505  0\$aIntervention with Consent? 1 Taming Intervention: Sovereignty, Statehood and Political Order in Africa; Commentary 2 Russia's Nuclear Policy: Worrying for the Wrong Reasons?3 Strategic Stability, Uncertainty and the Future of Arms Control?4 A Nervous Nuclear Posture Review?5 Noteworthy; Norm Repair 6 The Nuclear Ban Treaty: A Sign of Global Impatience? 7 Resisting Impunity for Chemical-Weapons Attacks? 8 Smart Cities: A New Age of Digital Insecurity? 9 American Military Superiority and the Pacific-Primacy Myth? 10 Iran and Saudi Arabia in the Age of Trump? 11 The Future of al-Qaeda: Lessons from the Muslim Brotherhood? 12 Sanctions After Brexit? Review Essay 13 Democracies Don't Die, They Are Killed?Book Reviews 14 United States 15 Politics and International Relations 16 Middle East Closing Argument 17 Iran Disillusioned
=588  0\$aPrint version record.
=650  \0$aInternational relations.
=650  \0$aStrategy.
=650  \6$aRelations internationales.$0(CaQQLa)201-0001178
=650  \6$aStratégie.$0(CaQQLa)201-0022351
=650  \7$ainternational relations.$2aat$0(CStmoGRI)aat300054441
=650  \7$aHISTORY / Military / Strategy$2bisacsh
=650  \7$aInternational relations.$2fast$0(OCoLC)fst00977053
=650  \7$aStrategy.$2fast$0(OCoLC)fst01134406
=859  \\$aELD$bebook
=889  \\$a(OCoLC)1380359886
=852  \\$aBritish Library$bHMNTS$cDRT$jELD.DS.773431
=BUF  1\$aN$d20230605
=CAT  \\$aBATCH-EBKN$b00$c20230525$lBLL01$h0201
=CAT  \\$aBATCH-UPD$b00$c20230525$lBLL01$h0201
=CAT  \\$aEBKS-FXD$c20230525$lBLL01$h0210
=CAT  \\$aBATCH$b00$c20230525$lBLL01$h0211
=CAT  \\$aBATCH-UPEB$b00$c20230605$lBLL01$h1700
=CAT  \\$aBATCH-UPD$b00$c20230605$lBLL01$h1701
=CAT  \\$a11279$b40$c20230620$lBLL01$h0951
=FIN  \\$aY$d20230605
=DRT  \\$aLD-ebooks
=SRC  \\$aIngrams
=STA  \\$aSUPPRESSED$bRebatched as Serial
=ONS  \7$aPOL$x062000$2bisacsh
=ONS  \7$aHIS$b027060$2bisacsh
=LAS  \\$a11279$b40$c20230620$lBLL01$h0951

