=LDR  03189aam a22007211i 4500
=001  021094026
=003  Uk
=005  20230717170028.0
=006  m\\\\||\\d\|\\\\\\
=007  cr\|||||||||||
=008  230525s2020\\\\enk\\\\\o\\\\\000\0\eng\d
=FMT  \\$a  BK
=015  \\$aGBC3D4118$2bnb
=020  \\$a9781003420224$q(electronic bk.)
=020  \\$a1003420222$q(electronic bk.)
=020  \\$a9781000941722$q(electronic bk. : PDF)
=020  \\$a1000941728$q(electronic bk. : PDF)
=020  \\$a9781000948462$q(electronic bk. : EPUB)
=020  \\$a1000948463$q(electronic bk. : EPUB)
=020  \\$z9781138459236
=020  \\$z1138459232
=024  7\$a10.4324/9781003420224$2doi
=037  \\$a9781000948462$bIngram Content Group
=040  \\$aTYFRS$beng$cTYFRS$dTYFRS$dUk$erda$epn
=042  \\$aukblsr
=050  \4$aJZ5587
=072  \7$aPOL$x032000$2bisacsh
=072  \7$aHIS$x027060$2bisacsh
=072  \7$aHIS$x027000$2bisacsh
=072  \7$aJP$2bicssc
=082  04$a327.1$223
=100  10$aAllin, Dana H.,$d1958-$eauthor.
=245  10$aSurvival 49.2 /$cDana Allin.
=264  \1$aLondon :$bRoutledge,$c2020.
=300  \\$a1 online resource (1 volume).
=336  \\$atext$2rdacontent
=337  \\$acomputer$2rdamedia
=338  \\$aonline resource$2rdacarrier
=505  0\$aSummaries -- Fields of Chaos_ -- 5 Risks and Opportunities in Somalia /Jonathan Stevenson -- Preserving Hope in the Democratic Republic of the Congo /Christopher S. Chivvis -- Organising for Nation Building /Nora Bensahel -- Middle East Transitions -- Enriched Islam: The Muslim Crisis of Education /Mamoun Tandy -- Prospects for Middle East Security-Sector Reform /Ellen Laipson -- A Nuclear lran:The Reactions of Neighbours /Dalia Dassa Kaye and Trederic M. Wehrey -- The US and Turkey: End of an Alliance? /Rajan Menon and S. Enders Wimbush -- Debating the UN -- 145 America and the United Nations: An Exchange /Mark P. Lagon and David Shorr -- Plus -- 157 Japan's New Security Agenda /Christopher W. Hughes and Ellis S. Krauss -- Review Essays -- The Counterweight /Spencer Ackerman -- Who Was Responsible? /Lanxin Xiang -- Newly Arrived Titles.
=588  0\$aPrint version record.
=650  \0$aSecurity, International.
=650  \7$aSecurity, International.$2fast$0(OCoLC)fst01110895
=650  \7$aHISTORY / Military / Strategy$2bisacsh
=650  \7$aPOLITICAL SCIENCE / Essays$2bisacsh
=650  \7$aHISTORY / Military / General$2bisacsh
=859  \\$aELD$bebook
=889  \\$a(OCoLC)1380359731
=852  \\$aBritish Library$bHMNTS$cDRT$jELD.DS.783213
=BUF  1\$aN$d20230717
=CAT  \\$aBATCH-EBKN$b00$c20230620$lBLL01$h0200
=CAT  \\$aEBKS-FXD$c20230620$lBLL01$h0206
=CAT  \\$aBATCH$b00$c20230620$lBLL01$h0206
=CAT  \\$a11279$b40$c20230620$lBLL01$h0945
=CAT  \\$aBATCH-UPEB$b00$c20230717$lBLL01$h1700
=CAT  \\$aBATCH-UPD$b00$c20230717$lBLL01$h1703
=FIN  \\$aY$d20230717
=DRT  \\$aLD-ebooks
=SRC  \\$aIngrams
=STA  \\$aSUPPRESSED$bRebatched as Serial
=ONS  \7$aHIS$x027060$2bisacsh
=ONS  \7$aPOL$b032000$2bisacsh
=ONS  \7$aHIS$b027000$2bisacsh
=LAS  \\$aBATCH-UPD$b00$c20230717$lBLL01$h1703

