=LDR  02658aam a22007451i 4500
=001  021094027
=003  Uk
=005  20230717170028.0
=006  m\\\\||\\d\|\\\\\\
=007  cr\|||||||||||
=008  230525s2006\\\\dcu\\\\\o\\\\\000\0\eng\d
=FMT  \\$a  BK
=015  \\$aGBC3D4119$2bnb
=020  \\$a9781003421801$q(electronic bk.)
=020  \\$a1003421806$q(electronic bk.)
=020  \\$a9781000942408$q(electronic bk. : PDF)
=020  \\$a1000942406$q(electronic bk. : PDF)
=020  \\$z9780415409315
=020  \\$a9781000949124$q(electronic bk. : EPUB)
=020  \\$a1000949125$q(electronic bk. : EPUB)
=024  7\$a10.4324/9781003421801$2doi
=037  \\$a9781000949124$bIngram Content Group
=040  \\$aTYFRS$beng$cTYFRS$dTYFRS$dUk$erda$epn
=042  \\$aukblsr
=050  \4$aU162
=072  \7$aPOL$x012000$2bisacsh
=072  \7$aPOL$x000000$2bisacsh
=072  \7$aHIS$x027060$2bisacsh
=072  \7$aHP$2bicssc
=072  \7$aHIS$x027000$2bisacsh
=082  04$a355.02$223/eng/20230616
=245  00$aSurvival :$bthe IISS quarterly.$nVolume 48, Number 2 (Summer 2006).
=264  \1$aWashington, DC :$bthe International Institute for Strategic Studies,$c2006.
=300  \\$a1 online resource (176 pages).
=336  \\$atext$2rdacontent
=337  \\$acomputer$2rdamedia
=338  \\$aonline resource$2rdacarrier
=505  0\$aVolume 48, Number 2, Summer 2006: Summaries, Latin Swing, A Beijing Consensus, Threat and Response, Review Essays.
=588  0\$aVendor-supplied metadata.
=650  \7$aPOLITICAL SCIENCE / General$2bisacsh
=650  \7$aPOLITICAL SCIENCE / Political Freedom & Security / International Security$2bisacsh
=650  \7$aHISTORY / Military / Strategy$2bisacsh
=650  \0$aStrategy.
=650  \0$aMilitary policy.
=650  \0$aDisarmament.
=710  2\$aInternational Institute for Strategic Studies,$epublisher.
=859  \\$aELD$bebook
=889  \\$a(OCoLC)1380360975
=852  \\$aBritish Library$bHMNTS$cDRT$jELD.DS.783214
=BUF  1\$aN$d20230717
=CAT  \\$aBATCH-EBKN$b00$c20230620$lBLL01$h0200
=CAT  \\$aEBKS-FXD$c20230620$lBLL01$h0206
=CAT  \\$aBATCH$b00$c20230620$lBLL01$h0206
=CAT  \\$a11279$b40$c20230620$lBLL01$h0948
=CAT  \\$aBATCH-UPEB$b00$c20230717$lBLL01$h1700
=CAT  \\$aBATCH-UPD$b00$c20230717$lBLL01$h1703
=FIN  \\$aY$d20230717
=DRT  \\$aLD-ebooks
=SRC  \\$aIngrams
=STA  \\$aSUPPRESSED$bRebatched as Serial
=ONS  \7$aPOL$x000000$2bisacsh
=ONS  \7$aPOL$b012000$2bisacsh
=ONS  \7$aHIS$b027060$2bisacsh
=ONS  \7$aHIS$b027000$2bisacsh
=LAS  \\$aBATCH-UPD$b00$c20230717$lBLL01$h1703

