=LDR  01581cam a22004095i 4500
=001  021154534
=003  Uk
=005  20230907092814.0
=006  m\\\\||\\d\|\\\\\\
=007  cr\|||||||||||
=008  230726s2016\\\\xxk|||||o\\\\||||\||eng\\
=FMT  \\$a  BK
=020  \\$z9781906850791$qprint
=020  \\$z9781785780509$qprint
=037  \\$a9781785781568$bBookwire GmbH
=040  \\$aUk$beng$cUk
=100  1\$aHurst, Geoff,$eauthor.
=245  10$aGeoff Hurst's Greats :$bEngland's 1966 Hero Selects His Finest Ever Footballers /$cGeoff Hurst.
=264  \1$aLondon :$bIcon Books,$c2016.
=300  \\$a1 online resource (240 pages)
=336  \\$atext$2rdacontent
=337  \\$acomputer$2rdamedia
=338  \\$aonline resource$2rdacarrier
=884  \\$aLDL ebooks ONIX to marcxml transformation using Record_Load-eBooks_Legal_Deposit_onix2marc_v2-1.xsl$g20230726$k1039792419_9781785781568$qUk
=859  \\$aELD$bebook
=852  \\$aBritish Library$bHMNTS$cDRT$jELD.DS.791899$qImperfect: incorrect title sent.
=985  \\$aResubmitted eBook record match on ISBN to existing record 017858036
=985  \\$aRemoved eISBN 9781785781568 to aid resubmission of correct title (AG 7/9/23)
=CAT  \\$aBATCH-EBKN$b00$c20230730$lBLL01$h0204
=CAT  \\$aEBKS-FXD$c20230730$lBLL01$h0214
=CAT  \\$aBATCH$b00$c20230730$lBLL01$h0215
=CAT  \\$a11279$b40$c20230907$lBLL01$h0928
=DRT  \\$aLD-ebooks
=SRC  \\$aCollection Metadata
=STA  \\$aSUPPRESSED$bE-content not adequate for display
=ONS  \7$aWSJA$2bicssc
=LAS  \\$a11279$b40$c20230907$lBLL01$h0928

