=LDR  08637cam a22004335i 4500
=001  021164674
=003  Uk
=005  20230810130038.0
=006  m\\\\||\\d\|\\\\\\
=007  cr\|||||||||||
=008  230802s2020\\\\|||||||eo\\\\||||\||eng\\
=FMT  \\$a  BK
=020  \\$a9788131262986$qEPUB
=020  \\$a8131262987$qEPUB
=037  \\$a9788131262986$bIngram Content Group
=040  \\$aUk$beng$cUk
=100  1\$aHall, John E.$eauthor$uDirector, Mississippi Center for Obesity Research,Department of Physiology and Biophysics
=245  10$aPocket Companion to Guyton and Hall Textbook of Medical Physiology, 14e, South Asia Edition - E-Book /$cJohn E. Hall, Michael Hall.
=250  \\$a14th
=264  \1$bElsevier India,$c2020.
=300  \\$a1 online resource (738 pages)
=336  \\$atext$2rdacontent
=337  \\$acomputer$2rdamedia
=338  \\$aonline resource$2rdacarrier
=505  0\$a<p><b>UNIT I</p></b> <p>Introduction to Physiology: The Cell and General</p> <p>Physiology</p> <p>CHAPTER <b>1</p></b> <p>Functional Organization of the Human Body and Control of the "Internal Environment"</p> <p>CHAPTER <b>2</p></b> <p>The Cell and Its Functions </p> <p>CHAPTER <b>3</p></b> <p>Genetic Control of Protein Synthesis, Cell Function, and Cell Reproduction </p><b> <p>UNIT II</p></b> <p>Membrane Physiology, Nerve, and Muscle</p> <p>CHAPTER <b>4</p></b> <p>Transport of Substances Through Cell Membranes </p> <p>CHAPTER <b>5</p></b> <p>Membrane Potentials and Action Potentials </p> <p>CHAPTER <b>6</p></b> <p>Contraction of Skeletal Muscle </p> <p>CHAPTER <b>7</p></b> <p>Excitation of Skeletal Muscle: Neuromuscular Transmission and Excitation-Contraction Coupling </p> <p>CHAPTER <b>8</p></b> <p>Excitation and Contraction of Smooth Muscle </p><b> <p>UNIT III</p></b> <p>The Heart</p> <p>CHAPTER <b>9</p></b> <p>Cardiac Muscle; The Heart as a Pump and Function of the Heart Valves </p> <p>CHAPTER <b>10</p></b> <p>Rhythmical Excitation of the Heart </p> <p>CHAPTER <b>11</p></b> <p>Fundamentals of Electrocardiography </p> <p>CHAPTER <b>12</p></b> <p>Electrocardiographic Interpretation of Cardiac Muscleand Coronary Blood Flow Abnormalities: Vectorial Analysis </p> <p>CHAPTER <b>13</p></b> <p>Cardiac Arrhythmias and Their Electrocardiographic Interpretation </p><b> <p>UNIT IV</p></b> <p>The Circulation</p> <p>CHAPTER <b>14</p></b> <p>Overview of the Circulation; Pressure, Flow, and Resistance </p> <p>CHAPTER <b>15</p></b> <p>Vascular Distensibility and Functions of the Arterial and Venous Systems </p> <p>CHAPTER <b>16</p></b> <p>The Microcirculation and Lymphatic System: Capillary Fluid Exchange, Interstitial Fluid, and Lymph Flow </p> <p>CHAPTER <b>17</p></b> <p>Local and Humoral Control of Tissue Blood Flow </p> <p>CHAPTER <b>18</p></b> <p>Nervous Regulation of the Circulation and Rapid Control of Arterial Pressure </p> <p>CHAPTER <b>19</p></b> <p>Role of the Kidneys in Long-Term Control of Arterial Pressure and in Hypertension: The Integrated System for Arterial Pressure Regulation </p> <p>CHAPTER <b>20</p></b> <p>Cardiac Output, Venous Return, and Their Regulation </p> <p>CHAPTER <b>21</p></b> <p>Muscle Blood Flow and Cardiac Output During Exercise; the Coronary Circulation and Ischemic Heart Disease</p> <p>CHAPTER <b>22</p></b> <p>Cardiac Failure </p> <p>CHAPTER <b>23</p></b> <p>Heart Valves and Heart Sounds; Valvular and Congenital Heart Defects </p> <p>CHAPTER <b>24</p></b> <p>Circulatory Shock and Its Treatment </p><b> <p>UNIT V</p></b> <p>The Body Fluids and Kidneys</p> <p>CHAPTER <b>25</p></b> <p>Regulation of Body Fluid Compartments: Extracellular and Intracellular Fluids; Edema </p> <p>CHAPTER <b>26</p></b> <p>The Urinary System: Functional Anatomy and Urine Formation by the Kidneys </p> <p>CHAPTER <b>27</p></b> <p>Glomerular Filtration, Renal Blood Flow, and Their Control </p> <p>CHAPTER <b>28</p></b> <p>Renal Tubular Reabsorption and Secretion </p> <p>CHAPTER <b>29</p></b> <p>Urine Concentration and Dilution; Regulation of Extracellular Fluid Osmolarity and Sodium Concentration </p> <p>CHAPTER <b>30</p></b> <p>Renal Regulation of Potassium, Calcium, Phosphate, and Magnesium; Integration of Renal Mechanisms for Control of Blood Volume and Extracellular Fluid Volume </p> <p>CHAPTER <b>31</p></b> <p>Acid-Base Regulation </p> <p>CHAPTER <b>32</p></b> <p>Diuretics and Kidney Diseases </p><b> <p>UNIT VI</p></b> <p>Blood Cells, Immunity, and Blood Coagulation</p> <p>CHAPTER <b>33</p></b> <p>Red Blood Cells, Anemia, and Polycythemia </p> <p>CHAPTER <b>34</p></b> <p>Resistance of the Body to Infection: I. Leukocytes, Granulocytes, the Monocyte-Macrophage System, and Inflammation </p> <p>CHAPTER <b>35</p></b> <p>Resistance of the Body to Infection: II. Immunity and Allergy </p> <p>CHAPTER <b>36</p></b> <p>Blood Types; Transfusion; and Tissue and Organ Transplantation </p> <p>CHAPTER <b>37</p></b> <p>Hemostasis and Blood Coagulation </p><b> <p>UNIT VII</p></b> <p>Respiration</p> <p>CHAPTER <b>38</p></b> <p>Pulmonary Ventilation </p> <p>CHAPTER <b>39</p></b> <p>Pulmonary Circulation, Pulmonary Edema, and Pleural Fluid </p> <p>CHAPTER <b>40</p></b> <p>Principles of Gas Exchange; Diffusion of Oxygen and Carbon Dioxide Through the Respiratory Membrane </p> <p>CHAPTER <b>41</p></b> <p>Transport of Oxygen and Carbon Dioxide in Blood and Tissue Fluids </p> <p>CHAPTER <b>42</p></b> <p>Regulation of Respiration </p> <p>CHAPTER <b>43</p></b> <p>Respiratory Insufficiency-Pathophysiology, Diagnosis, Oxygen Therapy </p><b> <p>UNIT VIII</p></b> <p>Aviation, Space, and Deep-Sea</p> <p>Diving Physiology</p> <p>CHAPTER <b>44</p></b> <p>Aviation, High Altitude, and Space Physiology </p> <p>CHAPTER <b>45</p></b> <p>Physiology of Deep-Sea Diving and Other Hyperbaric Conditions </p><b> <p>UNIT IX</p></b> <p>The Nervous System: A. General Principles and</p> <p>Sensory Physiology</p> <p>CHAPTER <b>46</p></b> <p>Organization of the Nervous System, Basic Functions of Synapses, and Neurotransmitters, 341 </p> <p>CHAPTER <b>47</p></b> <p>Sensory Receptors, Neuronal Circuits for Processing Information </p> <p>CHAPTER <b>48</p></b> <p>Somatic Sensations: I. General Organization, Tactile and Position Senses </p> <p>CHAPTER <b>49</p></b> <p>Somatic Sensations: II. Pain, Headache, and Thermal Sensations </p><b> <p>UNIT X</p></b> <p>The Nervous System: B. The Special Senses</p> <p>CHAPTER <b>50</p></b> <p>The Eye: I. Optics of Vision </p> <p>CHAPTER <b>51</p></b> <p>The Eye: II. Receptor and Neural Function of the Retina </p> <p>CHAPTER <b>52</p></b> <p>The Eye: III. Central Neurophysiology of Vision </p> <p>CHAPTER <b>53</p></b> <p>The Sense of Hearing </p> <p>CHAPTER <b>54</p></b> <p>The Chemical Senses-Taste and Smell </p><b> <p>UNIT XI</p></b> <p>The Nervous System: C. Motor and Integrative</p> <p>Neurophysiology</p> <p>CHAPTER <b>55</p></b> <p>Spinal Cord Motor Functions; the Cord Reflexes </p> <p>CHAPTER <b>56</p></b> <p>Cortical and Brain Stem Control of Motor Function </p> <p>CHAPTER <b>57</p></b> <p>Cerebellum and Basal Ganglia Contributions to Overall Motor Control </p> <p>CHAPTER <b>58</p></b> <p>Cerebral Cortex, Intellectual Functions of the Brain, Learning, and Memory </p> <p>CHAPTER <b>59</p></b> <p>The Limbic System and Hypothalamus-Behavioral and Motivational Mechanisms of the Brain </p> <p>CHAPTER <b>60</p></b> <p>States of Brain Activity-Sleep, Brain Waves, Epilepsy, Psychoses, and Dementia </p> <p>CHAPTER <b>61</p></b> <p>The Autonomic Nervous System and the Adrenal Medulla </p> <p>CHAPTER <b>62</p></b> <p>Cerebral Blood Flow, Cerebrospinal Fluid, and Brain Metabolism </p><b> <p>UNIT XII</p></b> <p>Gastrointestinal Physiology</p> <p>CHAPTER <b>63</p></b> <p>General Principles of Gastrointestinal Function-Motility, Nervous Control, and Blood Circulation </p> <p>CHAPTER <b>64</p></b> <p>Propulsion and Mixing of Food in the Alimentary Tract </p> <p>CHAPTER <b>65</p></b> <p>Secretory Functions of the Alimentary Tract </p> <p>CHAPTER <b>66</p></b> <p>Digestion and Absorption in the Gastrointestinal Tract </p> <p&g
=700  1\$aHall, Michael,$eauthor.
=859  \\$aELD$bebook
=852  \\$aBritish Library$bHMNTS$cDRT$jELD.DS.796222
=CAT  \\$aBATCH-EBKN$b00$c20230805$lBLL01$h0200
=CAT  \\$aBATCH-UPD$b00$c20230805$lBLL01$h0201
=CAT  \\$aEBKS-FXD$c20230805$lBLL01$h0206
=CAT  \\$aBATCH$b00$c20230805$lBLL01$h0206
=CAT  \\$a7164$b40$c20230810$lBLL01$h1300
=DRT  \\$aLD-ebooks
=SRC  \\$aIngrams
=STA  \\$aSUPPRESSED$bE-content not eligible for Non-Print Legal Deposit
=ONX  \\$aIN
=ONS  \7$aMED$x075000$2bisacsh
=LAS  \\$a7164$b40$c20230810$lBLL01$h1300

