=LDR  01944cam a22004095i 4500
=001  021164691
=003  Uk
=005  20230810131146.0
=006  m\\\\||\\d\|\\\\\\
=007  cr\|||||||||||
=008  230802s2016\\\\|||||||fo\\\\||||\||eng\\
=FMT  \\$a  BK
=020  \\$a9788131247204$qPDF
=020  \\$a8131247201$qPDF
=037  \\$a9788131247204$bIngram Content Group
=040  \\$aUk$beng$cUk
=100  1\$aQayed, Emad,$eauthor$uAssistant Professor of Medicine, Division of Digestive Diseases, Emory University School of Medicine, Interim Chief of Gastroenterology, Grady Memorial Hospital, Atlanta, Georgia, USA
=245  10$aE-Book-Sleisenger and Fordtran's Gastrointestinal and Liver Disease Review and Assessment-First South Asia Edition /$cEmad Qayed.
=264  \1$bElsevier,$c2016.
=300  \\$a1 online resource (605 pages)
=336  \\$atext$2rdacontent
=337  \\$acomputer$2rdamedia
=338  \\$aonline resource$2rdacarrier
=505  0\$a<p>1. Biology of the Gastrointestinal Tract </p> <p>2. Nutrition in Gastroenterology </p> <p>3. Symptoms, Signs, and Biopsychosocial Issues </p> <p>4. Topics Involving Multiple Organs </p> <p>5. Esophagus </p> <p>6. Stomach and Duodenum </p> <p>7. Pancreas </p> <p>8. Biliary Tract </p> <p>9. Live </p> <p>10. Small and Large Intestine </p> <p>11. Additional Treatments for Patients with Gastrointestinal and Liver Disease</p>
=859  \\$aELD$bebook
=852  \\$aBritish Library$bHMNTS$cDRT$jELD.DS.796239
=CAT  \\$aBATCH-EBKN$b00$c20230805$lBLL01$h0200
=CAT  \\$aBATCH-UPD$b00$c20230805$lBLL01$h0201
=CAT  \\$aEBKS-FXD$c20230805$lBLL01$h0206
=CAT  \\$aBATCH$b00$c20230805$lBLL01$h0206
=CAT  \\$a7164$b40$c20230810$lBLL01$h1311
=DRT  \\$aLD-ebooks
=SRC  \\$aIngrams
=STA  \\$aSUPPRESSED$bE-content not eligible for Non-Print Legal Deposit
=ONX  \\$aIN
=ONS  \7$aMED$x000000$2bisacsh
=LAS  \\$a7164$b40$c20230810$lBLL01$h1311

