=LDR  03336cam a22004215i 4500
=001  021164693
=003  Uk
=005  20230810130718.0
=006  m\\\\||\\d\|\\\\\\
=007  cr\|||||||||||
=008  230802s2016\\\\|||||||fo\\\\||||\||eng\\
=FMT  \\$a  BK
=020  \\$a9788131247280$qPDF
=020  \\$a8131247287$qPDF
=037  \\$a9788131247280$bIngram Content Group
=040  \\$aUk$beng$cUk
=072  \7$aMJQ$2bicssc
=100  1\$aGault, Janice$eauthor$uAssociate Surgeon, Cataract and Primary Eye Care Service, Wills Eye Hospital, Assistant Professor of Ophthalmology, Thomas Jefferson University, Philadelphia, Pennsylvania; Eye Physicians PC, Voorhees
=245  10$aOphthalmology Secrets in Color: First South Asia Edition - E-Book /$cJanice Gault.
=264  \1$bElsevier India,$c2016.
=300  \\$a1 online resource (481 pages)
=336  \\$atext$2rdacontent
=337  \\$acomputer$2rdamedia
=338  \\$aonline resource$2rdacarrier
=505  0\$a<p>CHAPTER 1 CLINICAL ANATOMY OF THE EYE 1CHAPTER 2 ANATOMY OF THE ORBIT AND EYELID 7CHAPTER 3 OPTICS AND REFRACTION 10CHAPTER 4 COLOR VISION 23CHAPTER 5 OPHTHALMIC AND ORBITAL TESTING 31CHAPTER 6 VISUAL FIELDS 52</p> <p>CHAPTER 7 THE RED EYE 70CHAPTER 8 CORNEAL INFECTIONS 83CHAPTER 9 OPHTHALMIA NEONATORUM 95CHAPTER 10 TOPICAL ANTIBIOTICS AND STEROIDS 99CHAPTER 11 DRY EYES 109CHAPTER 12 CORNEAL DYSTROPHIES 114CHAPTER 13 KERATOCONUS 123CHAPTER 14 REFRACTIVE SURGERY 132CHAPTER 15 GLAUCOMA 145CHAPTER 16 ANGLE-CLOSURE GLAUCOMA 154CHAPTER 17 SECONDARY OPEN-ANGLE GLAUCOMA 172CHAPTER 18 MEDICAL TREATMENT OF GLAUCOMA 178CHAPTER 19 TRABECULECTOMY SURGERY 187CHAPTER 20 TRAUMATIC GLAUCOMA AND HYPHEMA 196CHAPTER 21 CATARACTS 207CHAPTER 22 TECHNIQUES OF CATARACT SURGERY 211CHAPTER 23 COMPLICATIONS OF CATARACT SURGERY 218CHAPTER 24 AMBLYOPIA 224CHAPTER 25 ESODEVIATIONS 230CHAPTER 26 MISCELLANEOUS OCULAR DEVIATIONS 235CHAPTER 27 STRABISMUS SURGERY 243CHAPTER 28 NYSTAGMUS 247CHAPTER 29 THE PUPIL 252CHAPTER 30 DIPLOPIA 256CHAPTER 31 OPTIC NEURITIS 263CHAPTER 32 MISCELLANEOUS OPTIC NEUROPATHIES AND NEUROLOGICDISTURBANCES 266CHAPTER 33 TEARING AND THE LACRIMAL SYSTEM 273CHAPTER 34 PROPTOSIS 278</p> <p>CHAPTER 35 THYROID EYE DISEASE 282CHAPTER 36 ORBITAL INFLAMMATORY DISEASES 287</p> <p>CHAPTER 37 PTOSIS 292CHAPTER 38 EYELID TUMORS 298CHAPTER 39 UVEITIS 303CHAPTER 40 TOXIC RETINOPATHIES 320CHAPTER 41 COATS DISEASE 328CHAPTER 42 FUNDUS TRAUMA 335CHAPTER 43 AGE-RELATED MACULAR DEGENERATION 343CHAPTER 44 RETINOPATHY OF PREMATURITY 350CHAPTER 45 DIABETIC RETINOPATHY 357CHAPTER 46 RETINAL ARTERIAL OBSTRUCTION 365CHAPTER 47 RETINAL VENOUS OCCLUSIVE DISEASE 370CHAPTER 48 RETINAL DETACHMENT 378CHAPTER 49 RETINOBLASTOMA 386CHAPTER 50 PIGMENTED LESIONS OF THE OCULAR FUNDUS 393CHAPTER 51 OCULAR TUMORS 398CHAPTER 52 ORBITAL TUMORS 410</p>
=859  \\$aELD$bebook
=852  \\$aBritish Library$bHMNTS$cDRT$jELD.DS.796241
=CAT  \\$aBATCH-EBKN$b00$c20230805$lBLL01$h0200
=CAT  \\$aEBKS-FXD$c20230805$lBLL01$h0206
=CAT  \\$aBATCH$b00$c20230805$lBLL01$h0206
=CAT  \\$a7164$b40$c20230810$lBLL01$h1307
=DRT  \\$aLD-ebooks
=SRC  \\$aIngrams
=STA  \\$aSUPPRESSED$bE-content not eligible for Non-Print Legal Deposit
=ONX  \\$aIN
=ONS  \7$aMED$x063000$2bisacsh
=ONS  \7$aMJQ$2bicssc
=LAS  \\$a7164$b40$c20230810$lBLL01$h1307

