=LDR  01981cam a22004215i 4500
=001  021164699
=003  Uk
=005  20230810130422.0
=006  m\\\\||\\d\|\\\\\\
=007  cr\|||||||||||
=008  230802s2017\\\\|||||||fo\\\\||||\||eng\\
=FMT  \\$a  BK
=020  \\$a9788131249635$qEPUB
=020  \\$a8131249638$qEPUB
=037  \\$a9788131249635$bIngram Content Group
=040  \\$aUk$beng$cUk
=100  1\$aPolin, Richard$eauthor$uWilliam T. Speck Professor of Pediatrics, College of Physicians and Surgeons, Columbia University, Director, Division of Neonatology, Morgan Stanley Children's Hospital of New York - Presbyterian Colu
=245  10$aPediatric Secrets: First South Asia Edition - E-Book /$cRichard Polin, Mark F. Ditmar.
=264  \1$bElsevier India,$c2017.
=300  \\$a1 online resource (754 pages)
=336  \\$atext$2rdacontent
=337  \\$acomputer$2rdamedia
=338  \\$aonline resource$2rdacarrier
=505  0\$a<p>Top 100 Secrets</p> <p>1. Adolescent Medicine</p> <p>2. Behavior and Development</p> <p>3. Cardiology</p> <p>4. Dermatology</p> <p>5. Emergency Medicine</p> <p>6. Endocrinology</p> <p>7. Gastroenterology</p> <p>8. Genetics</p> <p>9. Hematology</p> <p>10. Infectious Diseases</p> <p>11. Neonatology</p> <p>12. Nephrology</p> <p>13. Neurology</p> <p>14. Oncology</p> <p>15. Orthopedics</p> <p>16. Pulmonology</p> <p>17. Rheumatology</p>
=700  1\$aDitmar, Mark F.,$eauthor.
=859  \\$aELD$bebook
=852  \\$aBritish Library$bHMNTS$cDRT$jELD.DS.796247
=CAT  \\$aBATCH-EBKN$b00$c20230805$lBLL01$h0200
=CAT  \\$aBATCH-UPD$b00$c20230805$lBLL01$h0201
=CAT  \\$aEBKS-FXD$c20230805$lBLL01$h0206
=CAT  \\$aBATCH$b00$c20230805$lBLL01$h0206
=CAT  \\$a7164$b40$c20230810$lBLL01$h1304
=DRT  \\$aLD-ebooks
=SRC  \\$aIngrams
=STA  \\$aSUPPRESSED$bE-content not eligible for Non-Print Legal Deposit
=ONX  \\$aIN
=ONS  \7$aMED$x069000$2bisacsh
=LAS  \\$a7164$b40$c20230810$lBLL01$h1304

