=LDR  04587cam a22004215i 4500
=001  021164703
=003  Uk
=005  20230810130555.0
=006  m\\\\||\\d\|\\\\\\
=007  cr\|||||||||||
=008  230802s2016\\\\|||||||fo\\\\||||\||eng\\
=FMT  \\$a  BK
=020  \\$a9788131247181$qPDF
=020  \\$a813124718X$qPDF
=037  \\$a9788131247181$bIngram Content Group
=040  \\$aUk$beng$cUk
=100  1\$aFitzpatrick, James E.,$eauthor$uProfessor, Department of Dermatology, University of Colorado School of Medicine, Aurora, Colorado
=245  10$aDermatology Secrets Plus: First South Asia Edition - E-book /$cJames E. Fitzpatrick, Joseph G. Morelli.
=264  \1$bElsevier India,$c2016.
=300  \\$a1 online resource (658 pages)
=336  \\$atext$2rdacontent
=337  \\$acomputer$2rdamedia
=338  \\$aonline resource$2rdacarrier
=505  0\$a<p><b>Top 100 Secrets</b></p> <p><b>I. GENERAL</b></p> <p>1. Structure and Function of the Skin</p> <p>2. Morphology of Primary and Secondary Skin Lesions</p> <p>3. Diagnostic Techniques</p><b> <p>II. INHERITED DISORDERS</p></b> <p>4. Disorders of Keratinization</p> <p>5. Neurocutaneous Disorders</p> <p>6. Mechanobullous Disorders</p><b> <p>III. INFLAMMATORY DISORDERS</p></b> <p>7. Papulosquamous Skin Eruptions</p> <p>8. Eczema Dermatitis </p> <p>9. Contact Dermatitis</p> <p>10. Vesiculobullous Disorders</p> <p>11. Pustular Eruptions</p> <p>12. Lichenoid Skin Eruptions</p> <p>13. Granulomatous Diseases of the Skin</p> <p>14. Drug Eruptions</p> <p>15. Vasculitis</p> <p>16. Deposition Disorders</p> <p>17. Photosensitive Dermatitis</p> <p>18. Disorders of Pigmentation</p> <p>19. Panniculitis</p> <p>20. Alopecia</p> <p>21. Acne and Acneiform Eruptions</p> <p>22. Autoimmune Connective Tissue Diseases</p> <p>23. Urticaria and Angioedema</p><b> <p>IV. INFECTIONS AND INFESTATIONS</p></b> <p>24. Viral Exanthems</p> <p>25. Bullous Viral Eruptions</p> <p>26. Warts and Molluscum Contagiosum</p> <p>27. Bacterial Infections</p> <p>28. Sexually Transmitted Diseases</p> <p>29. Mycobacterial Infections</p> <p>30. Superficial Fungal Infections</p> <p>31. Deep Fungal Infections</p> <p>32. Parasitic Infestations</p> <p>33. Arthropod Bites and Stings</p><b> <p>V. CUTANEOUS MANIFESTATIONS OF INTERNAL DISEASES</p></b> <p>34. Cutaneous Manifestations of Internal Malignancy</p> <p>35. Cutaneous Manifestations of Endocrinologic Disease</p> <p>36. Skin Signs of Gastrointestinal Disease</p> <p>37. Cutaneous Manifestations of Renal Disease</p> <p>38. Cutaneous Manifestations of AIDS</p> <p>39. Cutaneous Signs of Nutritional Disturbances</p><b> <p>VI. BENIGN TUMORS OF THE SKIN</p></b> <p>40. Benign Melanocytic Tumors</p> <p>41. Vascular and Lymphatic Neoplasms</p> <p>42. Fibrous Tumors of the Skin</p><b> <p>VII. MALIGNANT TUMORS OF THE SKIN</p></b> <p>43. Common Cutaneous Malignancies</p> <p>44. Melanoma</p> <p>45. Leukemic and Lymphomatous Infiltrates of the Skin</p> <p>46. Uncommon Malignant Tumors of the Skin</p> <p>47. Cutaneous Metastases</p><b> <p>VIII. TREATMENT OF SKIN DISORDERS</p></b> <p>48. Sunscreens and Prevention of Skin Cancer</p> <p>49. Topical Steroids</p> <p>50. Fundamentals of Cutaneous Surgery</p> <p>51. Cryosurgery</p> <p>52. Mohs Surgery</p> <p>53. Lasers in Dermatology</p> <p>54. Therapeutic Photomedicine</p> <p>55. Retinoids</p><b> <p>IX. SPECIAL PATIENT POPULATIONS</p></b> <p>56. Neonatal Infections</p> <p>57. Pediatric Dermatology</p> <p>58. Geriatric Dermatology</p> <p>59. Dermatoses of Pregnancy</p> <p>60. Disorders of the Female Genitalia</p> <p>61. Disorders of the Male Genitalia</p> <p>62. Disorders of the Oral Mucosa</p> <p>63. Special Considerations in Skin of Color</p> <p>64. Cultural Dermatology</p><b> <p>X. EMERGENCIES AND MISCELLANEOUS PROBLEMS</p></b> <p>65. Dermatologic Emergencies</p> <p>66. Occupational Dermatology</p> <p>67. Psychocutaneous Diseases</p> <p>68. Approaching the Pruritic Patient</p> <p>69. Nail Disorders</p> <p>70. Dermatologic Trivia</p>
=700  1\$aMorelli, Joseph G.,$eauthor.
=859  \\$aELD$bebook
=852  \\$aBritish Library$bHMNTS$cDRT$jELD.DS.796251
=CAT  \\$aBATCH-EBKN$b00$c20230805$lBLL01$h0200
=CAT  \\$aBATCH-UPD$b00$c20230805$lBLL01$h0201
=CAT  \\$aEBKS-FXD$c20230805$lBLL01$h0206
=CAT  \\$aBATCH$b00$c20230805$lBLL01$h0206
=CAT  \\$a7164$b40$c20230810$lBLL01$h1305
=DRT  \\$aLD-ebooks
=SRC  \\$aIngrams
=STA  \\$aSUPPRESSED$bE-content not eligible for Non-Print Legal Deposit
=ONX  \\$aIN
=ONS  \7$aMED$x000000$2bisacsh
=LAS  \\$a7164$b40$c20230810$lBLL01$h1305

