=LDR  09315cam a22004455i 4500
=001  021164704
=003  Uk
=005  20230810130235.0
=006  m\\\\||\\d\|\\\\\\
=007  cr\|||||||||||
=008  230802s2019\\\\|||||||fo\\\\||||\||eng\\
=FMT  \\$a  BK
=020  \\$a9788131261286$qPDF
=020  \\$a813126128X$qPDF
=037  \\$a9788131261286$bIngram Content Group
=040  \\$aUk$beng$cUk
=100  1\$aPappano, Achilles J.,$eauthor$uProfessor; Department of Pharmacology and Calhoun Cardiology Center; University of Connecticut Health Center; Farmington, CT
=245  10$aCardiovascular Physiology, 11e: South Asia Edition /$cAchilles J. Pappano, Withrow Gil Wier.
=250  \\$a11th
=264  \1$bElsevier India,$c2019.
=300  \\$a1 online resource (296 pages)
=336  \\$atext$2rdacontent
=337  \\$acomputer$2rdamedia
=338  \\$aonline resource$2rdacarrier
=490  1\$aMosby's Physiology Monograph
=505  0\$a<p><b>Chapter 1</b> <b>OVERVIEW OF THE CIRCULATION AND BLOOD</p></b> <p>The Circulatory System</p> <p>Blood</p><i> <p>Erythrocytes</p> <p>Leukocytes</p> <p>Lymphocytes</p> <p>Platelets</p> <p>Blood Is Divided into Groups by Antigens Located on Erythrocytes</p></i> <p>Summary</p> <p>Case 1-1</p> <b> <p>Chapter 2 EXCITATION: THE CARDIAC ACTION POTENTIAL</p></b> <p>Cardiac Action Potentials Consist of Several Phases</p><i> <p>The Principal Types of Cardiac Action Potentials Are the Slow and Fast Types</p> <p>Ionic Basis of the Resting Potential</p> <p>The Fast Response Depends Mainly on Voltage-Dependent Sodium Channels</p> <p>Ionic Basis of the Slow Response</p></i> <p>Conduction in Cardiac Fibers Depends on Local Circuit Currents</p><i> <p>Conduction of the Fast Response</p> <p>Conduction of the Slow Response</p></i> <p>Cardiac Excitability Depends on the Activation and Inactivation of Specific Currents</p><i> <p>Fast Response</p> <p>Slow Response</p> <p>Effects of Cycle Length</p></i> <p>Summary</p> <p>Case 2-1</p> <b> <p>Chapter 3</b> <b>AUTOMATICITY: NATURAL EXCITATION OF THE HEART</p></b> <p>The Heart Generates Its Own Pacemaking Activity</p><i> <p>Sinoatrial Node</p> <p>Ionic Basis of Automaticity</p> <p>Overdrive Suppression</p> <p>Atrial Conduction</p> <p>Atrioventricular Conduction</p> <p>Ventricular Conduction</p></i> <p>An Impulse Can Travel Around a Reentry Loop</p> <p>Afterdepolarizations Lead to Triggered Activity</p><i> <p>Early Afterdepolarizations</p> <p>Delayed Afterdepolarizations</p></i> <p>Electrocardiography Displays the Spread of Cardiac Excitation</p><i> <p>Scalar Electrocardiography</p></i> <p>Dysrhythmias Occur Frequently and Constitute Important Clinical Problems</p><i> <p>Altered Sinoatrial Rhythms</p> <p>Atrioventricular Transmission Blocks</p> <p>Premature Depolarizations</p> <p>Ectopic Tachycardias</p> <p>Fibrillation</p></i> <p>Summary</p> <p>Case 3-1</p> <b> <p>Chapter 4</b> <b>THE CARDIAC PUMP</p></b> <p>The Microscopic and Gross Structures of the Heart </p> <p><i>Cardiac Muscle (myocardial) Cell Morphology</p> <p>Structure of the Heart: Atria, Ventricles, and Valves</p></i> <p>The Force of Cardiac Contraction Is Determined by Excitation-Contraction Coupling and the Initial Sarcomere Length of the Myocardial Cells</p><i> <p>Excitation-Contraction Coupling Is Mediated by Calcium</p> <p>Mechanics of Cardiac Muscle</p></i> <p>The Sequential Contraction and Relaxation of the Atria and Ventricles Constitute the Cardiac Cycle</p><i> <p>Ventricular Systole</p> <p>Echocardiography Reveals Movement of the Ventricular Walls and of the Valves</p> <p>The Two Major Heart Sounds Are Produced Mainly by Closure of the Cardiac Valves</p></i> <p>The Pressure-Volume Relationships in the Intact Heart</p><i> <p>Passive or Diastolic Pressure-Volume Relationship</p> <p>Active or End-Systolic Pressure-Volume Relationship</p> <p>Pressure and Volume during the Cardiac Cycle: The P-V Loop</p> <p>Preload and Afterload during the Cardiac Cycle</p> <p>Contractility</p></i> <p>The Fick Principle Is Used to Determine Cardiac Output</p> <p>Metabolism of ATP and its Relation to Mechanical Function</p> <p><i>Fatty Acid Metabolism</p> <p>Carbohydrate Metabolism</p> <p>Interrelation between Fatty Acid and Carbohydrate Metabolism</p> <p>Effects of plasma substrate and insulin levels</p></i> <p>Cardiac O<sub>2</sub> Consumption and the Link between Ventricular Function and Cardiac Metabolism</p> <p>Summary</p> <p>Case 4-1</p> <b> <p>Chapter 5</b> <b>REGULATION OF THE HEARTBEAT</p></b> <p>Heart Rate is Controlled Mainly by the Autonomic Nerves</p><i> <p>Parasympathetic Pathways</p> <p>Sympathetic Pathways</p> <p>Higher Centers Also Influence Cardiac Performance</p> <p>Heart Rate Can Be Regulated via the Baroreceptor Reflex</p> <p>The Bainbridge Reflex and Atrial Receptors Regulate Heart Rate</p> <p>Respiration Induces a Common Cardiac Dysrhythmia</p> <p>Activation of the Chemoreceptor Reflex Affects Heart Rate</p> <p>Ventricular Receptor Reflexes Play a Minor Role in the Regulation of Heart Rate</p></i> <p>Myocardial Performance Is Regulated by Intrinsic Mechanisms</p><i> <p>The Frank-Starling Mechanism Is an Important Regulator of Myocardial Contraction Force</p> <p>Changes in Heart Rate Affect Contractile Force</p></i> <p>Myocardial Performance Is Regulated by Nervous and Humoral Factors</p><i> <p>Nervous Control</p> <p>Cardiac Performance Is Also Regulated by Hormonal Substances</p></i> <p>Summary</p> <p>Case 5-1</p> <b> <p>Chapter 6</b> <b>HEMODYNAMICS</p></b> <p>Velocity of the Bloodstream Depends on Blood Flow and Vascular Area</p> <p>Blood Flow Depends on the Pressure Gradient</p> <p>Relationship Between Pressure and Flow Depends on the Characteristics of the Conduits</p> <p>Resistance to Flow</p><i> <p>Resistances in Series and in Parallel</p></i> <p>Flow May Be Laminar or Turbulent</p> <p>Shear Stress on the Vessel Wall</p> <p>Rheologic Properties of Blood</p> <p>Summary</p> <p>Case 6-1</p> <b> <p>Chapter 7</b> <b>THE ARTERIAL SYSTEM</p></b> <p>The Hydraulic Filter Converts Pulsatile Flow to Steady Flow</p> <p>Arterial Elasticity Compensates for the Intermittent Flow Delivered by the Heart</p> <p>The Arterial Blood Pressure Is Determined by Physical and Physiological Factors</p><i> <p>Mean Arterial Pressure</p> <p>Cardiac Output</p> <p>Peripheral Resistance</p> <p>Pulse Pressure</p> <p>Stroke Volume</p> <p>Arterial Compliance</p> <p>Total Peripheral Resistance and Arterial Diastolic Pressure</p></i> <p>The Pressure Curves Change in Arteries at Different Distances from the Heart</p> <p>Blood Pressure Is Measured by a Sphygmomanometer in Human Patients</p> <p>Summary</p> <p>Case 7-1</p> <b> <p>Chapter 8</b> <b>The MICROCIRCULATION AND LYMPHATICS</p></b> <p>Functional Anatomy</p><i> <p>Arterioles Are the Stopcocks of the Circulation</p> <p>Capillaries Permit the Exchange of Water, Solutes, and Gases</p> <p>The Law of Laplace Explains How Capillaries Can Withstand High Intravascular Pressures</p></i> <p>The Endothelium Plays an Active Role in Regulating the Microcirculation</p> <p>The Endothelium is at the Center of Flow-Initiated Mechanotransduction</p> <p>The Endothelium Plays a Passive Role in Transcapillary Exchange</p><i> <p>Diffusion Is the Most Important Means of Water and Solute Transfer Across the Endothelium</p> <p>Diffusion of Lipid-Insoluble Molecules Is Restricted to the Pores</p> <p>Lipid-Soluble Molecules Pass Directly Through the Lipid Membranes of the Endothelium and the Pores</p> <p>Capillary Filtration Is Regulated by the Hydrostatic and Osmotic Forces Across the Endothelium</p> <p>Balance of Hydrostatic and Osmotic Forces</p> <p>The Capillary Filtration Coefficient Provides a Method to Estimate the Rate of Fluid Movement Across the Endothelium</p> <p>Hypoxia-inducible factor(s) and angiogenesis</p> <p>Pinocytosis Enables Large Molecules to Cross the Endothelium</p></i> <p>The Lymphatics Return the Fluid and Solutes That Escape Through the Endothelium to the Circulating Blood</p> <p>Summary</p> <p>Case 8-1</p> <p>Case 8-2</p> <b> <p>Chapter 9</b> <b>The PERIPHERAL CIRCULATION AND ITS CONTROL</p></b> <p>The Functions of the Heart and Large Blood Vessels</p> <p>Contraction and Relaxation of Arteriolar Vascular Smooth Muscle Regulate Peripheral Blood Flow</p><i> <p>Cytoplasmic Ca<sup>++</sup> Is Regulated to Control Contraction, via MLCK</p> <p>Contraction Is Controlled by Excitation-Contraction Coupling and/or Pharmacomechanical Coupling</p> <p>Control of Vascular Tone by Catecholamines</p> <p>Control of Vascular Contraction by Other Hormones, Other Neurotransmitters, and Autocoids</p></i> <p>Intrinsic Control of Peripheral Blood Flow</p><i> <p>Autoregulation and the Myogenic Mechanism Tend to Keep Blood Fl
=700  1\$aWier, Withrow Gil,$eauthor.
=859  \\$aELD$bebook
=852  \\$aBritish Library$bHMNTS$cDRT$jELD.DS.796252
=CAT  \\$aBATCH-EBKN$b00$c20230805$lBLL01$h0200
=CAT  \\$aBATCH-UPD$b00$c20230805$lBLL01$h0201
=CAT  \\$aEBKS-FXD$c20230805$lBLL01$h0206
=CAT  \\$aBATCH$b00$c20230805$lBLL01$h0206
=CAT  \\$a7164$b40$c20230810$lBLL01$h1302
=DRT  \\$aLD-ebooks
=SRC  \\$aIngrams
=STA  \\$aSUPPRESSED$bE-content not eligible for Non-Print Legal Deposit
=ONX  \\$aIN
=ONS  \7$aMED$x010000$2bisacsh
=LAS  \\$a7164$b40$c20230810$lBLL01$h1302

