=LDR  02065cam a22003975i 4500
=001  021164706
=003  Uk
=005  20230810131020.0
=006  m\\\\||\\d\|\\\\\\
=007  cr\|||||||||||
=008  230802s2016\\\\|||||||fo\\\\||||\||eng\\
=FMT  \\$a  BK
=020  \\$a9788131247211$qPDF
=020  \\$a813124721X$qPDF
=037  \\$a9788131247211$bIngram Content Group
=040  \\$aUk$beng$cUk
=100  1\$aPhillips, Nancymarie$eauthor$uProfessor Emeritus,Lakeland Community College,Director Department of Perioperative Education,Perioperative Nursing, Registered Nurse,First Assistants, Surgical Technology,Kirkland, Ohio
=245  10$aBERRY & KOHN'S OPERATING ROOM TECHNIQUE:FIRST SOUTH ASIA EDITION - E-book /$cNancymarie Phillips.
=264  \1$bElsevier India,$c2016.
=300  \\$a1 online resource (1002 pages)
=336  \\$atext$2rdacontent
=337  \\$acomputer$2rdamedia
=338  \\$aonline resource$2rdacarrier
=505  0\$a<p>Section 1: Fundamentals of Theory and Practice</p> <p>Section 2: The Perioperative Patient Care Team</p> <p>Section 3: The Patient as a Unique Individual</p> <p>Section 4: The Perioperative Environment</p> <p>Section 5: Surgical Asepsis and Sterile Technique</p> <p>Section 6: Surgical Instrumentation and Equipment</p> <p>Section 7: Preoperative Patient Care</p> <p>Section 8: Pharmacology and Anesthesia</p> <p>Section 9: Intraoperative Patient Care</p> <p>Section 10: Surgical Site Management</p> <p>Section 11: Perianesthesia and</p> <p>Postprocedural Patient Care</p> <p>Section 12: Surgical Specialties</p>
=859  \\$aELD$bebook
=852  \\$aBritish Library$bHMNTS$cDRT$jELD.DS.796254
=CAT  \\$aBATCH-EBKN$b00$c20230805$lBLL01$h0200
=CAT  \\$aEBKS-FXD$c20230805$lBLL01$h0206
=CAT  \\$aBATCH$b00$c20230805$lBLL01$h0206
=CAT  \\$a7164$b40$c20230810$lBLL01$h1310
=DRT  \\$aLD-ebooks
=SRC  \\$aIngrams
=STA  \\$aSUPPRESSED$bE-content not eligible for Non-Print Legal Deposit
=ONX  \\$aIN
=ONS  \7$aMED$x058000$2bisacsh
=LAS  \\$a7164$b40$c20230810$lBLL01$h1310

