=LDR  06118cam a22003975i 4500
=001  021164712
=003  Uk
=005  20230810130912.0
=006  m\\\\||\\d\|\\\\\\
=007  cr\|||||||||||
=008  230802s2016\\\\|||||||fo\\\\||||\||eng\\
=FMT  \\$a  BK
=020  \\$a9788131247297$qEPUB
=020  \\$a8131247295$qEPUB
=037  \\$a9788131247297$bIngram Content Group
=040  \\$aUk$beng$cUk
=100  1\$aMcNally, Peter R.$eauthor$uChief, GI/Hepatology, Evans Army Hospital, Colorado Springs, Colorado, American Board of Internal Medicine Certification in Internal Medicine American Board of Gastroenterology Certification in Gastro
=245  10$aGI/Liver Secrets Plus: First South Asia Edition - E-book /$cPeter R. McNally.
=264  \1$bElsevier India,$c2016.
=300  \\$a1 online resource (685 pages)
=336  \\$atext$2rdacontent
=337  \\$acomputer$2rdamedia
=338  \\$aonline resource$2rdacarrier
=505  0\$a<p>Top 100 Secrets</p> <p><b>I. Esophagus</b></p> <p>1. Swallowing Disorders and Dysphagia<i></p></i> <p>2. Gastroesophageal Reflux Disease <i></p></i> <p>3. Esophageal Causes of Chest Pain <i> </p></i> <p>4. Achalasia <i></p></i> <p>5. Esophageal Cancer <i></p></i> <p>6. Esophageal Anomalies, Infections, and Nonacid Injuries </p> <p>7. Barrett's Esophagus</p> <p>8. Esophageal and Stomach Pathology <i></p></i><b> <p>II. Stomach</p></b> <p>9. Gastritis, Peptic Ulcer Disease, NSAIDS, and <i>Helicobacter pylori</i> Infection <i></p></i> <p>10. Gastric Cancer <i></p></i> <p>11. Thickened Gastric Folds <i> </p></i> <p>12. Gastroparesis <i></p></i><b> <p>III. Liver & Biliary Tract Disorders</p></b> <p>13. Evaluation of Abnormal Liver Tests<i> </p></i> <p>14. General Concepts on Viral Hepatitis <i> </p></i> <p>15. Antiviral Therapy for Hepatitis C<i></p></i> <p>16. Antiviral Therapy for Hepatitis B<i></p></i> <p>17. Autoimmune Hepatitis: Diagnosis<i></p></i> <p>18. Autoimmune Hepatitis: Treatment<i></p></i> <p>19. Primary Biliary Cirrhosis and Primary Sclerosing Cholangitis <i> </p></i> <p>20. Vaccinations and Immunoprophylaxis in Gastrointestinal and Liver Disorders <i></p></i> <p>21. Pregnancy and Liver Disease <i> </p></i> <p>22. Rheumatologic Manifestations of Hepatobiliary Diseases <i></p></i> <p>23. Evaluation of Focal Liver Masses<i> </p></i> <p>24. Drug-Induced Liver Disease<i> </p></i> <p>25. Alcoholic Liver Disease, Acoholism and Alcohol Withdrawal Syndrome <i></p></i> <p>26. Vascular Liver Disease <i> </p></i> <p>27. Nonalcoholic Fatty Liver Disease and Nonalcoholic Steatohepatitis<i> </p></i> <p>28. Liver Transplantation <i> </p></i> <p>29. Ascites <i> </p></i> <p>30. Liver Abscess <i> </p></i> <p>31. Inheritable Forms of Liver Disease <i></p></i> <p>32. Liver Histopathology<i></p></i> <p>33. Hepatobiliary Cystic Disease <i> </p></i> <p>34. Gallbladder Disease: Stones, Crystals and Sludge <i> </p></i> <p>35. ERCP Plus Sphincter of Oddi Dysfunction <i></p></i><b> <p>IV. Pancreatic Disorders</p></b> <p>36. Acute Pancreatitis <i> </p></i> <p>37. Chronic Pancreatitis <i> </p></i> <p>38. Pancreatic Cancer <i> </p></i> <p>39. Cystic Lesions of the Pancreas <i> </p></i> <b> <p>V. Small and Large Bowel Disorders</p></b> <p>40. Celiac Disease <i></p></i> <p>41. Crohn's Disease <i></p></i> <p>42. Ulcerative Colitis <i> </p></i> <p>43. Eosinophilic Gastrointestinal Disease and Eosinophilic Esophagitis </p> <p>44. Small Intestinal Bacterial Overgrowth <i></p></i> <b> <p>VI. Colon Disorders</p></b> <p>45. Colon Disorders and Colon Cancer <i></p></i> <p>46. Constipation and Fecal Incontinence <i> </p></i> <p>47. Diverticulitis </p> <p>48. Diseases of the Appendix <i></p></i> <p>49. Colitis: Pseudomembranous, Microscopic, and Radiation <i></p></i> <b> <p>VII. General Symptoms and Conditions</p></b> <p>50. Upper Gastrointestinal Hemorrhage <i> </p></i> <p>51. Lower Gastrointestinal Tract Bleeding <i></p></i> <p>52. Occult and Obscure Gastrointestinal Bleeding </p> <p>53. Evaluation of Acute Abdominal Pain</p> <p>54. Evaluation of Acute Infectious Diarrhea <i></p></i> <p>55. Chronic Diarrhea <i></p></i> <p>56. AIDS and the Gastrointestinal Tract <i></p></i> <p>57. Ischemic Bowel Disease <i></p></i> <p>58. Nutrition, Malnutrition and Probiotics </p> <p>59. Small Bowel and Colon Pathology </p> <p>60. Foreign Bodies and the Gastrointestinal Tract </p> <p>61. Functional Gastrointestinal Disorders and Irritable Bowel </p> <p>62. Endoscopic Cancer Screening and Surveillance<i></p></i><b> <p>VIII. Multisystem Manifestations of GI Disease</p></b> <p>63. Rheumatologic Manifestations of Gastrointestinal Diseases </p> <p>64. Dermatologic Manifestations of Gastrointestinal Disease <i></p></i> <p>65. Endocrine Aspects of Gastrointestinal System <i></p></i> <b> <p>IX. Gastrointestinal Radiology</p></b> <p>66. Plain Film, Barium and Virtual Radiography </p> <p>67. Interventional Radiology I: Cross-Sectional Imaging Procedures <i> </p></i> <p>68. Interventional Radiology II: Fluoroscopic and Angiographic Procedures <i> </p></i> <p>69. Noninvasive GI Imaging: Ultrasound, Computerized Tomography, and Magnetic Resonance Imaging<i></p></i> <p>70. Nuclear Imaging </p> <p>71. Endoscopic Ultrasound </p> <p><b>X. Surgery and the GI Tract</b></p> <p>72. Advanced Therapeutic Endoscopy <i></p></i> <p>73. Esophageal Surgery <i></p></i> <p>74. Surgery for Peptic Ulcer Disease <i></p></i> <p>75. Surgical Approach to the Acute Abdomen </p> <p>76. Colorectal Surgery: Polyposis Syndromes and Inflammatory Bowel Disease </p> <p>77. Obesity and Surgical Weight Loss </p> <p>78. Minimally Invasive Surgery <i> </p></i> <p><i></i> </p>
=859  \\$aELD$bebook
=852  \\$aBritish Library$bHMNTS$cDRT$jELD.DS.796260
=CAT  \\$aBATCH-EBKN$b00$c20230805$lBLL01$h0200
=CAT  \\$aEBKS-FXD$c20230805$lBLL01$h0206
=CAT  \\$aBATCH$b00$c20230805$lBLL01$h0206
=CAT  \\$a7164$b40$c20230810$lBLL01$h1309
=DRT  \\$aLD-ebooks
=SRC  \\$aIngrams
=STA  \\$aSUPPRESSED$bE-content not eligible for Non-Print Legal Deposit
=ONX  \\$aIN
=ONS  \7$aMED$x000000$2bisacsh
=LAS  \\$a7164$b40$c20230810$lBLL01$h1309

