=LDR  01736cam a22004455i 4500
=001  021164715
=003  Uk
=005  20230810132041.0
=006  m\\\\||\\d\|\\\\\\
=007  cr\|||||||||||
=008  230802s2019\\\\|||||||fo\\\\||||\||eng\\
=FMT  \\$a  BK
=020  \\$a9788131261323$qPDF
=020  \\$a8131261328$qPDF
=037  \\$a9788131261323$bIngram Content Group
=040  \\$aUk$beng$cUk
=100  1\$aDrake, Richard L.,$eauthor$uDirector of Anatomy, Professor of Surgery, Cleveland Clinic Lerner College of Medicine, Case Western Reserve University, Cleveland, Ohio
=245  10$aGray's Anatomy for Students: An Instant Review, 4e: South East Asia Edition_E-book /$cRichard L. Drake, A. Wayne Vogl, Adam W. M. Mitchell.
=250  \\$a4th
=264  \1$bElsevier India,$c2019.
=300  \\$a1 online resource (820 pages)
=336  \\$atext$2rdacontent
=337  \\$acomputer$2rdamedia
=338  \\$aonline resource$2rdacarrier
=505  0\$a1 Overview2 Back3 Thorax4 Abdomen5 Pelvis and Perineum6 Lower Limb7 Upper Limb8 Head and Neck9 Surface Anatomy10 Nervous System11 Imaging
=700  1\$aVogl, A. Wayne$eauthor
=700  1\$aMitchell, Adam W. M.,$eauthor.
=859  \\$aELD$bebook
=852  \\$aBritish Library$bHMNTS$cDRT$jELD.DS.796263
=CAT  \\$aBATCH-EBKN$b00$c20230805$lBLL01$h0200
=CAT  \\$aBATCH-UPD$b00$c20230805$lBLL01$h0201
=CAT  \\$aEBKS-FXD$c20230805$lBLL01$h0206
=CAT  \\$aBATCH$b00$c20230805$lBLL01$h0206
=CAT  \\$a7164$b40$c20230810$lBLL01$h1320
=DRT  \\$aLD-ebooks
=SRC  \\$aIngrams
=STA  \\$aSUPPRESSED$bE-content not eligible for Non-Print Legal Deposit
=ONX  \\$aIN
=ONS  \7$aMED$x000000$2bisacsh
=LAS  \\$a7164$b40$c20230810$lBLL01$h1320

