=LDR  04596cam a22003975i 4500
=001  021164718
=003  Uk
=005  20230810131325.0
=006  m\\\\||\\d\|\\\\\\
=007  cr\|||||||||||
=008  230802s2016\\\\|||||||fo\\\\||||\||eng\\
=FMT  \\$a  BK
=020  \\$a9788131246719$qPDF
=020  \\$a813124671X$qPDF
=037  \\$a9788131246719$bIngram Content Group
=040  \\$aUk$beng$cUk
=100  1\$aTownsend, Courtney M.$eauthor$uProfessor,Robertson-Poth Distinguished Chair in General Surgery,Department of Surgery,The University of Texas Medical Branch Galveston, Texas
=245  10$aSabiston Textbook of Surgery, First South Asia Edition - E-Book /$cCourtney M. Townsend.
=264  \1$bElsevier India,$c2016.
=300  \\$a1 online resource (2170 pages)
=336  \\$atext$2rdacontent
=337  \\$acomputer$2rdamedia
=338  \\$aonline resource$2rdacarrier
=505  0\$a<b> <p>Section 1- Surgical Basic Principles</p></b> <p>1. History of Surgery</p> <p>2. Ethics and Professionalism in Surgery</p> <p>3. The Inflammatory Response</p> <p>4. Shock, Electrolytes and Fluid</p> <p>5. Metabolism in Surgical Patients</p> <p>6. Wound Healing</p> <p>7. Regenerative Medicine</p> <p>8. Evidence-Based Surgery: Critically Assessing Surgical Literature</p> <p>9. Safety in the Surgical Environment </p><b> <p>Section 2- Perioperative Management</p></b> <p>10. Principles of Preoperative and Operative Surgery</p> <p>11. Surgical Infections and Antibiotic Use</p> <p>12. Surgical Complications</p> <p>13. Surgery in the Geriatric Patient</p> <p>14. Anesthesiology Principles, Pain Management, and Conscious Sedation</p> <p>15. Emerging Technology in Surgery: Informatics, Electronics, Robotics</p> <p>16. Management of Acute Trauma</p> <p>17. The Difficult Abdominal Wall</p> <p>18. Emergency Care of Musculoskeletal Injuries</p> <p>19. Burns</p> <p>20. Bites and Stings</p> <p>21. Surgical Critical Care</p> <p>22. Bedside Surgical Procedures</p> <p>23. The Surgeon's Role in Mass Casualty Incidents</p><b> <p>Section 3- Transplantation and Immunology</p></b> <p>24. Transplantation Immunobiology and Immunosuppression</p> <p>25. Liver Transplantation</p> <p>26. Kidney and Pancreas Transplantation</p> <p>27. Small Bowel Transplantation</p><b> <p>Section 4- Surgical Oncology</p></b> <p>28. Tumor Biology and Tumor Markers</p> <p>29. Tumor Immunology and Immunotherapy</p> <p>30. Melanoma and Cutaneous Malignancies</p> <p>31. Soft Tissue Sarcomas</p> <p>32. Bone Tumors</p><b> <p>Section 5- Head and Neck</p></b> <p>33. Head and Neck</p><b> <p>Section 6- Breast</p></b> <p>34. Diseases of the Breast</p> <p>35. Breast Reconstruction</p><b> <p>Section 7- Endocrine</p></b> <p>36. Thyroid</p> <p>37. The Parathyroid Glands</p> <p>38. Endocrine Pancreas</p> <p>39. The Adrenal Glands</p> <p>40. The Multiple Endocrine Neoplasia Syndromes\</p><b> <p>Section 8- Esophagus</p></b> <p>41. Esophagus</p> <p>42. Gastroesophageal Reflux Disease and Hiatal Hernia</p><b> <p>Section 9- Abdomen</p></b> <p>43. Abdominal Wall, Umbilicus, Peritoneum, Mesenteries, Omentum and Retroperitoneum</p> <p>44. Hernias</p> <p>45. Acute Abdomen</p> <p>46. Acute Gastrointestinal Hemorrhage</p> <p>47. Morbid Obesity</p> <p>48. Stomach</p> <p>49. Small Intestine</p> <p>50. The Appendix</p> <p>51. Colon and Rectum</p> <p>52. Anus</p> <p>53. The Liver</p> <p>54. Biliary System</p> <p>55. Exocrine Pancreas</p> <p>56. The Spleen</p><b> <p>Section 10- Chest</p></b> <p>57. Lung, Chest Wall, Pleura, and Mediastinum</p> <p>58. Congenital Heart Disease</p> <p>59. Acquired Heart Disease: Coronary Insufficiency </p> <p>60. Acquired Heart Disease: Valvular</p><b> <p>Section 11- Vascular</p></b> <p>61. Aorta</p> <p>62. Peripheral Arterial Occlusive Disease</p> <p>63. Vascular Trauma</p> <p>64. Venous Disease</p> <p>65. The Lymphatics</p><b> <p>Section 12- Specialties in General Surgery</p></b> <p>66. Pediatric Surgery</p> <p>67. Neurosurgery</p> <p>68. Plastic Surgery</p> <p>69. Hand Surgery</p> <p>70. Gynecologic Surgery </p> <p>71. Surgery in the Pregnant Patient</p> <p>72. Urologic Surgery</p>
=859  \\$aELD$bebook
=852  \\$aBritish Library$bHMNTS$cDRT$jELD.DS.796266
=CAT  \\$aBATCH-EBKN$b00$c20230805$lBLL01$h0200
=CAT  \\$aEBKS-FXD$c20230805$lBLL01$h0206
=CAT  \\$aBATCH$b00$c20230805$lBLL01$h0206
=CAT  \\$a7164$b40$c20230810$lBLL01$h1313
=DRT  \\$aLD-ebooks
=SRC  \\$aIngrams
=STA  \\$aSUPPRESSED$bE-content not eligible for Non-Print Legal Deposit
=ONX  \\$aIN
=ONS  \7$aMED$x085000$2bisacsh
=LAS  \\$a7164$b40$c20230810$lBLL01$h1313

