=LDR  01657cam a22004095i 4500
=001  021188179
=003  Uk
=005  20230922115855.0
=006  m\\\\||\\d\|\\\\\\
=007  cr\|||||||||||
=008  230822s2016\\\\|||||||fo\\\\||||\||eng\\
=FMT  \\$a  BK
=020  \\$a9788131247228$qPDF
=020  \\$a8131247228$qPDF
=037  \\$a9788131247228$bIngram Content Group
=040  \\$aUk$beng$cUk
=100  1\$aHacker, Neville F.,$eauthor$uProfessor of Gynaecologic Oncology, Conjoint, University of New South Wales; Director, Gynecologic Cancer Center, Royal Hospital for Women, Sydney, Australia
=245  10$aHacker & Moore's Essentials of Obstetrics and Gynecology: First South Asia Edition - E-Book /$cNeville F. Hacker.
=264  \1$bElsevier,$c2016.
=300  \\$a1 online resource (1015 pages)
=336  \\$atext$2rdacontent
=337  \\$acomputer$2rdamedia
=338  \\$aonline resource$2rdacarrier
=505  0\$a<p>Part 1 Introduction </p> <p>part 2 O bstetrics </p> <p>PART 3 Gynecology </p> <p>PART 4 R eproductive Endocrinologyand Infertility </p> <p>PART 5 Gynecologic Oncology</p>
=859  \\$aELD$bebook
=852  \\$aBritish Library$bHMNTS$cDRT$jELD.DS.802816
=CAT  \\$aBATCH-EBKN$b00$c20230825$lBLL01$h0204
=CAT  \\$aBATCH-UPD$b00$c20230825$lBLL01$h0204
=CAT  \\$aEBKS-FXD$c20230825$lBLL01$h0227
=CAT  \\$aBATCH$b00$c20230825$lBLL01$h0229
=CAT  \\$a7164$b40$c20230922$lBLL01$h1158
=DRT  \\$aLD-ebooks
=SRC  \\$aIngrams
=STA  \\$aSUPPRESSED$bE-content not eligible for Non-Print Legal Deposit
=ONX  \\$aIN
=ONS  \7$aMED$x033000$2bisacsh
=LAS  \\$a7164$b40$c20230922$lBLL01$h1158

