=LDR  01771cam a22004935i 4500
=001  021188183
=003  Uk
=005  20230922120002.0
=006  m\\\\||\\d\|\\\\\\
=007  cr\|||||||||||
=008  230822s2016\\\\|||||||fo\\\\||||\||eng\\
=FMT  \\$a  BK
=020  \\$a9788131246726$qPDF
=020  \\$a8131246728$qPDF
=037  \\$a9788131246726$bIngram Content Group
=040  \\$aUk$beng$cUk
=072  \7$aMED$x033000$2bisacsh
=072  \7$aMED$x045000$2bisacsh
=072  \7$aMJ$2bicssc
=072  \7$aMJT$2bicssc
=100  1\$aMoore, Keith L.,$eauthor$uProfessor Emeritus, Division of Anatomy, Department of Surgery, Former Professor and Chair, Department of Anatomy and Associate Dean for Basic Medical Sciences, Faculty of Medicine, University of Toro
=245  10$aBefore We Are Born: Essentials of Embryology and Birth Defects: First South Asia Edition E-book /$cKeith L. Moore.
=264  \1$bElsevier India,$c2016.
=300  \\$a1 online resource (382 pages)
=336  \\$atext$2rdacontent
=337  \\$acomputer$2rdamedia
=338  \\$aonline resource$2rdacarrier
=859  \\$aELD$bebook
=852  \\$aBritish Library$bHMNTS$cDRT$jELD.DS.802820
=CAT  \\$aBATCH-EBKN$b00$c20230825$lBLL01$h0205
=CAT  \\$aBATCH-UPD$b00$c20230825$lBLL01$h0205
=CAT  \\$aEBKS-FXD$c20230825$lBLL01$h0227
=CAT  \\$aBATCH$b00$c20230825$lBLL01$h0229
=CAT  \\$a7164$b40$c20230922$lBLL01$h1200
=DRT  \\$aLD-ebooks
=SRC  \\$aIngrams
=STA  \\$aSUPPRESSED$bE-content not eligible for Non-Print Legal Deposit
=ONX  \\$aIN
=ONS  \7$aMED$x025000$2bisacsh
=ONS  \7$aMED$b033000$2bisacsh
=ONS  \7$aMED$b045000$2bisacsh
=ONS  \7$aMJ$2bicssc
=ONS  \7$aMJT$2bicssc
=LAS  \\$a7164$b40$c20230922$lBLL01$h1200

