=LDR  01578cam a22004095i 4500
=001  021188189
=003  Uk
=005  20230922115651.0
=006  m\\\\||\\d\|\\\\\\
=007  cr\|||||||||||
=008  230822s2023\\\\|||||||fo\\\\||||\||eng\\
=FMT  \\$a  BK
=020  \\$a9788131267493$qEPUB
=020  \\$a8131267490$qEPUB
=037  \\$a9788131267493$bIngram Content Group
=040  \\$aUk$beng$cUk
=100  1\$aVeeramani, Raveendranath$eauthor
=245  10$aGray's Anatomy for Students, 3rd South Asia Edition - Two-Volume Set - E-Book /$cRaveendranath Veeramani.
=250  \\$a3rd
=264  \1$bElsevier India,$c2023.
=300  \\$a1 online resource (1425 pages)
=336  \\$atext$2rdacontent
=337  \\$acomputer$2rdamedia
=338  \\$aonline resource$2rdacarrier
=505  0\$a<p>Volume I</p> <ol><i> <p> <li>The body</li> <p> <li>Upper limb</li> <p> <li>Lower limb</li> <p> <li>Abdomen</li> <p> <li>Pelvis and perineum</li> </i> <b> <p>Volume II</p></b><i> <p> <li>Thorax</li> <p> <li>Back</li> <p> <li>Head and neck</li> <p> <li>Neuroanatomy</li> </ol></i>
=859  \\$aELD$bebook
=852  \\$aBritish Library$bHMNTS$cDRT$jELD.DS.802826
=CAT  \\$aBATCH-EBKN$b00$c20230825$lBLL01$h0205
=CAT  \\$aEBKS-FXD$c20230825$lBLL01$h0227
=CAT  \\$aBATCH$b00$c20230825$lBLL01$h0229
=CAT  \\$a7164$b40$c20230922$lBLL01$h1156
=DRT  \\$aLD-ebooks
=SRC  \\$aIngrams
=STA  \\$aSUPPRESSED$bE-content not eligible for Non-Print Legal Deposit
=ONX  \\$aIN
=ONS  \7$aMED$x089000$2bisacsh
=LAS  \\$a7164$b40$c20230922$lBLL01$h1156

