=LDR  00974cam a22003255i 4500
=001  021196752
=003  Uk
=005  20230913103818.0
=006  m\\\\||\\d\|\\\\\\
=007  cr\|||||||||||
=008  230902s2023\\\\xxk|||||o\\\\||||\||eng\\
=FMT  \\$a  BK
=040  \\$aUk$beng$cUk
=245  00$aConquest Art - No 124 Spring Magazine 2023.
=250  \\$a124
=264  \1$aEngland :$bConquest Art CIO,$c2023.
=300  \\$a1 online resource.
=336  \\$atext$2rdacontent
=337  \\$acomputer$2rdamedia
=338  \\$aonline resource$2rdacarrier
=859  \\$aELD$bebook
=852  \\$aBritish Library$bHMNTS$cDRT$jELD.DS.803998
=CAT  \\$aBATCH-EBKN$b00$c20230902$lBLL01$h0202
=CAT  \\$aEBKS-FXD$c20230902$lBLL01$h0206
=CAT  \\$aBATCH$b00$c20230902$lBLL01$h0207
=CAT  \\$a15190$b40$c20230913$lBLL01$h1038
=DRT  \\$aLD-ebooks
=SRC  \\$aSubmission Portal
=STA  \\$aSUPPRESSED$bRebatched as Serial
=LAS  \\$a15190$b40$c20230913$lBLL01$h1038

