=LDR  01476cam a22004455i 4500
=001  021208398
=003  Uk
=005  20230922115418.0
=006  m\\\\||\\d\|\\\\\\
=007  cr\|||||||||||
=008  230911s2023\\\\|||||||fo\\\\||||\||eng\\
=FMT  \\$a  BK
=020  \\$a9788131268704$qEPUB
=020  \\$a8131268705$qEPUB
=037  \\$a9788131268704$bIngram Content Group
=040  \\$aUk$beng$cUk
=110  20$aThe Johns Hopkins Hospital$eauthor
=245  14$aThe Harriet Lane Handbook, 23 Edition: South Asia Edition - E-Book /$cKeith Kleinman, Lauren McDaniel, Matthew Molloy.
=250  \\$a23rd
=264  \1$bElsevier India,$c2023.
=300  \\$a1 online resource (1400 pages)
=336  \\$atext$2rdacontent
=337  \\$acomputer$2rdamedia
=338  \\$aonline resource$2rdacarrier
=700  1\$aKleinman, Keith,$eauthor.
=700  1\$aMcDaniel, Lauren,$eauthor.
=700  1\$aMolloy, Matthew,$eauthor.
=859  \\$aELD$bebook
=852  \\$aBritish Library$bHMNTS$cDRT$jELD.DS.805591
=CAT  \\$aBATCH-EBKN$b00$c20230914$lBLL01$h0205
=CAT  \\$aBATCH-UPD$b00$c20230914$lBLL01$h0205
=CAT  \\$aEBKS-FXD$c20230914$lBLL01$h0322
=CAT  \\$aBATCH$b00$c20230914$lBLL01$h0326
=CAT  \\$a7164$b40$c20230922$lBLL01$h1154
=DRT  \\$aLD-ebooks
=SRC  \\$aIngrams
=STA  \\$aSUPPRESSED$bE-content not eligible for Non-Print Legal Deposit
=ONX  \\$aIN
=ONS  \7$aMED$x069000$2bisacsh
=LAS  \\$a7164$b40$c20230922$lBLL01$h1154

